@phdthesis{2002,
  title     = {Agile Entwicklung Web-basierter Systeme},
  year      = {2002},
  type      = {type},
  number    = {3},
  address   = {a},
  journal   = {Wirtschaftsinformatik},
  keywords  = {software development processes; agile software development environments; time-to-market; Extreme Programming; Crystal methods family; Adaptive Software Development},
  language  = {english},
  pages     = {237--248},
  publisher = {Gabler Verlag},
  doi       = {10.1007/BF03250842},
  url       = {http://dx.doi.org/10.1007/BF03250842},
  volume    = {44},
}
