@Comment{jabref-meta: databaseType:bibtex;}
