This file was created with JabRef 2.2.
Encoding: UTF-8

@STRING{Aggarwal = {Aggarwal, G.}}

@STRING{Ahn = {Ahn, Jung Ho}}

@STRING{Arvind = {Arvind}}

@STRING{Asanovic = {Asanov\'\i{}c, Krste}}

@STRING{Bartic = {Bartic, T.}}

@STRING{Bekooij = {Bekooij, Marco}}

@STRING{Borkar = {Borkar, Nitin}}

@STRING{Chiou = {Chiou, Derek}}

@STRING{Compton = {Compton, K.}}

@STRING{Cooley = {Cooley, J.}}

@STRING{Dally = {Dally, William James}}

@STRING{Das = {Das, Abhishek}}

@STRING{Day = {Day, Michael N.}}

@STRING{Dighe = {Dighe, Saurabh}}

@STRING{Finan = {Finan, David}}

@STRING{Fu = {Fu, W.}}

@STRING{Gheorghita = {Gheorghita, Valentin}}

@STRING{Hauck = {Hauck, S.}}

@STRING{Hoe = {Hoe, James}}

@STRING{Hoes = {Hoes, Rob}}

@STRING{Hofstee = {Hofstee, H. Peter}}

@STRING{Hoskote = {Hoskote, Yatin}}

@STRING{Howard = {Howard, James}}

@STRING{Hurink = {Hurink, J.L.}}

@STRING{Iyer = {Iyer, Priya}}

@STRING{Jacob = {Jacob, Tiju}}

@STRING{Jain = {Jain, Shailendra}}

@STRING{Johns = {Johns, Charles R.}}

@STRING{Kahle = {Kahle, James A.}}

@STRING{Kapasi = {Kapasi, Ujval J.}}

@STRING{Khailany = {Khailany, Brucek}}

@STRING{Knol = {Knol, S.}}

@STRING{Kozyrakis = {Kozyrakis, Christos}}

@STRING{Lauwereins = {Lauwereins, R.}}

@STRING{Leeser = {Leeser, M.}}

@STRING{Li = {Li, Z.}}

@STRING{Lu = {Lu, S{hih-Lien}}}

@STRING{Maeurer = {Maeurer, Theodore R.}}

@STRING{Meerbergen = {van Meerbergen, Jef}}

@STRING{Mesman = {Mesman, Bart}}

@STRING{Mignolet = {Mignolet, J.}}

@STRING{Mol = {Mol, Jan David}}

@STRING{Moreira = {Moreira, Orlando}}

@STRING{Motwani = {Motwani, R.}}

@STRING{Nollet = {Nollet, V.}}

@STRING{Oskin = {Oskin, Mark}}

@STRING{Pastrnak = {Pastrnak, Milan}}

@STRING{Patterson = {Patterson, David}}

@STRING{Poplavko = {Peter Poplavko}}

@STRING{Quinn = {Quinn, H.}}

@STRING{Rabaey = {Rabaey, Jan}}

@STRING{Ruhl = {Ruhl, Gregory}}

@STRING{Shippy = {Shippy, David}}

@STRING{Singh = {Singh, Arvind}}

@STRING{SmitGJM = {Smit, G.J.M.}}

@STRING{Smith = {Smith, L. A.}}

@STRING{SmitLT = {Smit, L.T.}}

@STRING{Stok = {van der Stok, Peter}}

@STRING{Stuijk = {Stuijk, Sander}}

@STRING{Tschanz = {Tschanz, James}}

@STRING{Vangal = {Vangal, Sriram}}

@STRING{Venkataraman = {Venkataraman, Sriram}}

@STRING{Verkest = {Verkest, D.}}

@STRING{Vernalde = {Vernalde, S.}}

@STRING{Wawrzynek = {Wawrzynek, John}}

@STRING{Wilson = {Wilson, Howard}}

@STRING{Zhu = {Zhu, A.}}

@TECHREPORT{Patterson06,
  author = Patterson # { and } # Arvind # { and } # Asanovic # { and } # Chiou
	# { and } # Hoe # { and } # Kozyrakis # { and } # Lu # { and } #
	Oskin # { and } # Rabaey # { and } # Wawrzynek,
  title = {RAMP: Research Accelerator for Multiple Processors},
  institution = {M{assachusetts} I{nstitute} {of} T{echnology}},
  year = {2006},
  type = {Presentation},
  address = {Palo Alto, CA},
  month = {August},
  pdf = {Patterson06.pdf},
  url = {http://www.hotchips.org/hc18/program/conference_day_one.htm}
}

@comment{jabref-meta: selector_journal:}

@comment{jabref-meta: selector_author:}

@comment{jabref-meta: selector_keywords:}

@comment{jabref-meta: selector_publisher:}

