% This file was created with JabRef devel - 1st edition family.
% Encoding: Cp1252

@BOOK{entry1,
  title = {MyBook},
  author = {Janosch},
  file = {:D\:\\Janosh\\_UNI\\_Eclipse_WS\\Jabref_WC\\src\\tests\\net\\sf\\jabref\\imports\\unlinkedFilesTestFolder\\pdfInDatabase.pdf:PDF},
  owner = {Nosh},
  timestamp = {2008.11.09}
}

@ARTICLE{entry2,
  author = {Janos Kutscherauer},
  title = {Testarticle},
  file = {:D\:\\Janosh\\_UNI\\_Eclipse_WS\\Jabref\\pdfTestFolder\\sub2\\sub22\\d1anl2.pdf:PDF;:D\:\\Janosh\\_UNI\\_Eclipse_WS\\Jabref\\pdfTestFolder\\metaDataPdf.pdf:PDF},
  owner = {Nosh},
  timestamp = {2008.11.09}
}

@comment{jabref-meta: selector_publisher:}

@comment{jabref-meta: selector_author:}

@comment{jabref-meta: selector_journal:}

@comment{jabref-meta: selector_keywords:}

