@Proceedings{pr_001,
    title = {Proceedings_001},
    year = {2019},
}

@InProceedings{inpr_001,
    crossref = {pr_001},
}

@InProceedings{inpr_002,
    crossref = {pr_001},
    booktitle = {foobar},
    year = {42}
}
