@article{key, abstract = {line 1
line 2}}