@Article{ostgaard2002,
	Title = {Energy},
	File = {ostgaard2002.pdf:ostgaard2002.pdf:PDF}
}