% Encoding: UTF-8
@Article{constant,
	month = apr
}

@Article{text,
	month = {apr}
}

@Comment{jabref-meta: databaseType:bibtex;}
