@softwareversion {delebecque:hal-02090402-condensed,
  title = {Scilab},
  author = {Delebecque, Fran{\c c}ois and Gomez, Claude and Goursat, Maurice
    and Nikoukhah, Ramine and Steer, Serge and Chancelier, Jean-Philippe},
  url = {https://www.scilab.org/},
  date = {1994-01},
  file = {https://hal.inria.fr/hal-02090402/file/scilab-1.1.tar.gz},
  institution = {Inria},
  license = {Scilab license},
  hal_id = {hal-02090402},
  hal_version = {v1},
  swhid = {swh:1:dir:1ba0b67b5d0c8f10961d878d91ae9d6e499d746a;
	   origin=https://hal.archives-ouvertes.fr/hal-02090402},
  version = {1.1},
  note = {First Scilab version. It was distributed by anonymous ftp.},
  repository= {https://github.com/scilab/scilab},
  abstract = {Software for Numerical Computation freely distributed.}
}

@software {delebecque:hal-02090402,
  title = {Scilab},
  author = {Delebecque, Fran{\c c}ois and Gomez, Claude and Goursat, Maurice
    and Nikoukhah, Ramine and Steer, Serge and Chancelier, Jean-Philippe},
  date = {1994},
  institution = {Inria},
  license = {Scilab license},
  hal_id = {hal-02090402},
  hal_version = {v1},
  url = {https://www.scilab.org/},
  abstract = {Software for Numerical Computation freely distributed.},
  repository= {https://github.com/scilab/scilab},
}

@softwareversion {delebecque:hal-02090402v1,
  version = {1.1},
  date = {1994-01},
  file = {https://hal.inria.fr/hal-02090402/file/scilab-1.1.tar.gz},
  swhid = {swh:1:dir:1ba0b67b5d0c8f10961d878d91ae9d6e499d746a;
	   origin=https://hal.archives-ouvertes.fr/hal-02090402},
  note = {First Scilab version. It was distributed by anonymous ftp.},
  crossref = {delebecque:hal-02090402}
}

 @software {cgal,
  title = {The Computational Geometry Algorithms Library},
  author = {{The CGAL Project}},
  editor = {{CGAL Editorial Board}},
  date = {1996},
  url = {https://cgal.org/}
 }

 @softwareversion{cgal:5-0-2,
  crossref = {cgal},
  version = {{5.0.2}},
  url = {https://docs.cgal.org/5.02},
  date = {2020},
  swhid = {swh:1:rel:636541bbf6c77863908eae744610a3d91fa58855;
           origin=https://github.com/CGAL/cgal/}
 }

 @softwaremodule{cgal:lp-gi-20a,
  crossref = {cgal:5-0-2},
  author = {Menelaos Karavelas},
  subtitle = {{2D} Voronoi Diagram Adaptor},
  license = {GPL},
  introducedin = {cgal:3-1},
  url = {https://doc.cgal.org/5.0.2/Manual/packages.html#PkgVoronoiDiagram2},
 }

 @softwaremodule{cgal:lp-gi-20a-condensed,
  title = {The Computational Geometry Algorithms Library},
  subtitle = {{2D} Voronoi Diagram Adaptor},
  author = {Menelaos Karavelas},
  editor = {{CGAL Editorial Board}},
  license = {GPL},
  version = {{5.0.2}},
  introducedin = {cgal:3-1},
  date = {2020},
  swhid = {swh:1:rel:636541bbf6c77863908eae744610a3d91fa58855;
           origin=https://github.com/CGAL/cgal/},
  url = {https://doc.cgal.org/5.0.2/Manual/packages.html#PkgVoronoiDiagram2},
 }

@software {parmap,
  title = {The Parmap library},
  author = {Di Cosmo, Roberto and Marco Danelutto},
  date = {2020},
  version = {1.1.1},
  institution = {{Inria} and {University of Paris} and {University of Pisa}},
  license = {LGPL-2.0},
  url = {https://rdicosmo.github.io/parmap/},
  repository= {https://github.com/rdicosmo/parmap},
}

@codefragment {simplemapper,
  subtitle = {Core mapping routine},
  swhid = {swh:1:cnt:43a6b232768017b03da934ba22d9cc3f2726a6c5;
      lines=192-228;
      origin=https://github.com/rdicosmo/parmap},
  crossref = {parmap}
}
