% Encoding: UTF-8

@Article{Article2016,
  author  = {Hans Mustermann},
  title   = {Title of the article},
  journal = {Journal},
  year    = {2016},
  related = {InProceedings2015},
  test    = {xy},
}

@InProceedings{InProceedings2015,
  author    = {Anna Musterfrau},
  title     = {Paper title},
  booktitle = {Book title},
  year      = {2015},
}

@Comment{jabref-meta: databaseType:bibtex;}
