@article{abbreviationDetected,
  author = {John Doe},
  title = {An Example Paper},
  journal = {J. Ex. Sci.},
  year = {2023},
  note = {abbreviation detected}
}

@book{biblatexFieldOnly,
  author = {Jane Smith},
  title = {A Biblatex Only Field Example},
  year = {2022},
  publisher = {Example Publisher},
  location = {New York},
  biblatexonlyfield = {This field is only for biblatex}
}

@book{bibtexFieldOnly,
  author = {Alice Johnson},
  title = {A Bibtex Only Field Example},
  year = {2021},
  publisher = {Example Publisher},
  location = {London},
  bibtexonlyfield = {This field is only for bibtex}
}

@inproceedings{booktitleEndsWithConferenceOn,
  author = {Bob Brown},
  title = {A Conference Paper},
  booktitle = {Proceedings of the Conference on Example Topics},
  year = {2020},
  pages = {123--130}
}

@article{capitalLettersNotMasked,
  author = {Charlie Davis},
  title = {Capital Letters {N}ot {M}asked},
  journal = {Journal of Examples},
  year = {2019},
  volume = {5},
  number = {2},
  pages = {45--50}
}

@article{citationKeyDeviates,
  author = {David Evans},
  title = {Citation Key Example},
  journal = {Journal of Examples},
  year = {2018},
  note = {Citation key deviates from generated key}
}

@article{doiInvalid,
  author = {Eve Foster},
  title = {Invalid DOI Example},
  journal = {Journal of Examples},
  year = {2017},
  doi = {invalid-doi}
}

@article{duplicateCitationKey,
  author = {Frank Green},
  title = {Duplicate Citation Key Example},
  journal = {Journal of Examples},
  year = {2016}
}

@article{emptyCitationKey,
  author = {Grace Hall},
  title = {Empty Citation Key Example},
  journal = {Journal of Examples},
  year = {2015}
}

@article{entryTypeBiblatexOnly,
  author = {Henry Irving},
  title = {Biblatex Only Entry Type Example},
  journal = {Journal of Examples},
  year = {2014},
  entrytype = {biblatexonly}
}

@article{htmlEncodedCharacter,
  author = {Ivy Johnson},
  title = {HTML Encoded Character Example},
  journal = {Journal of Examples},
  year = {2013},
  note = {This contains an \&amp; HTML encoded character}
}

@article{incorrectControlDigit,
  author = {Jack King},
  title = {Incorrect Control Digit Example},
  journal = {Journal of Examples},
  year = {2012},
  isbn = {123-456-789-01}
}

@article{incorrectFormat,
  author = {Karen Lee},
  title = {Incorrect Format Example},
  journal = {Journal of Examples},
  year = {2011},
  note = {Incorrect format}
}

@article{invalidCitationKey,
  author = {Liam Moore},
  title = {Invalid Citation Key Example},
  journal = {Journal of Examples},
  year = {2010}
}

@article{journalNotFoundAbbreviationList,
  author = {Mia Nelson},
  title = {Journal Not Found Example},
  journal = {Nonexistent Journal},
  year = {2009}
}

@article{lastFourNonPunctuationNumerals,
  author = {Noah Owens},
  title = {Last Four Non-Punctuation Numerals Example},
  journal = {Journal of Examples},
  year = {2008},
  note = {Last four characters should be numerals: ABCD1234}
}

@article{linkIncorrectFilePath,
  author = {Olivia Parker},
  title = {Incorrect File Path Example},
  journal = {Journal of Examples},
  year = {2007},
  file = {incorrect/path/to/file.pdf}
}

@article{nonAsciiCharacter,
  author = {Peter Quinn},
  title = {Non-ASCII Character Example},
  journal = {Journal of Examples},
  year = {2006},
  note = {This contains a non-ASCII character: Ã©}
}

@article{noIntegerEdition,
  author = {Quincy Roberts},
  title = {No Integer Edition Example},
  journal = {Journal of Examples},
  year = {2005},
  edition = {First}
}

@article{oddNumberUnescaped,
  author = {Rachel Smith},
  title = {Odd Number of Unescaped \# Example},
  journal = {Journal of Examples},
  year = {2004},
  note = {This contains an odd number of \# characters: \#}
}

@article{referencedCitationKeyMissing,
  author = {Samuel Taylor},
  title = {Referenced Citation Key Missing Example},
  journal = {Journal of Examples},
  year = {2003},
  crossref = {missingKey}
}

@article{sameDoiMultipleEntries,
  author = {Tina Underwood},
  title = {Same DOI Multiple Entries Example},
  journal = {Journal of Examples},
  year = {2002},
  doi = {10.1234/same-doi}
}

@article{shouldBeIntegerOrNormalized,
  author = {Ursula Vance},
  title = {Should Be Integer or Normalized Example},
  journal = {Journal of Examples},
  year = {2001},
  note = {Should be an integer or normalized}
}

@article{shouldBeNormalized,
  author = {Victor White},
  title = {Should Be Normalized Example},
  journal = {Journal of Examples},
  year = {2000},
  note = {Should be normalized}
}

@article{shouldContainFourDigitNumber,
  author = {Wendy Xiong},
  title = {Should Contain Four Digit Number Example},
  journal = {Journal of Examples},
  year = {1999},
  note = {Should contain a four digit number: 123}
}

@article{shouldContainIntegerOrLiteral,
  author = {Xander Young},
  title = {Should Contain Integer or Literal Example},
  journal = {Journal of Examples},
  year = {1998},
  note = {Should contain an integer or literal}
}

@article{shouldContainValidPageRange,
  author = {Yara Zhang},
  title = {Should Contain Valid Page Range Example},
  journal = {Journal of Examples},
  year = {1997},
  pages = {invalid-page-range}
}

@article{shouldHaveFirstLetterCapitalized,
  author = {Zoe Adams},
  title = {should have first letter capitalized},
  journal = {Journal of Examples},
  year = {1996}
}

@article{unexpectedClosingCurlyBracket,
  author = {Aaron Brown},
  title = {Unexpected Closing Curly Bracket Example},
  journal = {Journal of Examples},
  year = {1995},
  note = {This contains an unexpected \} bracket}
}

@article{unexpectedOpeningCurlyBracket,
  author = {Bella Clark},
  title = {Unexpected Opening Curly Bracket Example},
  journal = {Journal of Examples},
  year = {1994},
  note = {This contains an unexpected \{ bracket}
}
