% Encoding: UTF-8

@Article{GarridoKallstromKummEtAl2016,
  author    = {Mario Garrido and Petter Kallstrom and Martin Kumm and Oscar Gustafsson},
  title     = {{CORDIC} {II:} {A} New Improved {CORDIC} Algorithm},
  journal   = {{IEEE} Trans. on Circuits and Systems},
  year      = {2016},
  volume    = {63-II},
  number    = {2},
  pages     = {186--190},
  bibsource = {dblp computer science bibliography, http://dblp.org},
  biburl    = {http://dblp.uni-trier.de/rec/bib/journals/tcas/GarridoKKG16},
  doi       = {10.1109/TCSII.2015.2483422},
  timestamp = {Mon, 08 Feb 2016 00:00:00 +0100},
}

@InProceedings{GustafssonJohansson2015,
  author    = {Oscar Gustafsson and H{\aa}kan Johansson},
  title     = {Decimation filters for high-speed delta-sigma modulators with passband constraints: General versus CIC-based {FIR} filters},
  booktitle = {2015 {IEEE} International Symposium on Circuits and Systems, {ISCAS} 2015, Lisbon, Portugal, May 24-27, 2015},
  year      = {2015},
  pages     = {2205--2208},
  publisher = {{IEEE}},
  bibsource = {dblp computer science bibliography, http://dblp.org},
  biburl    = {http://dblp.uni-trier.de/rec/bib/conf/iscas/GustafssonJ15},
  doi       = {10.1109/ISCAS.2015.7169119},
  timestamp = {Wed, 05 Aug 2015 09:08:53 +0200},
}

@InProceedings{JohanssonGustafsson2015,
  author    = {H{\aa}kan Johansson and Oscar Gustafsson},
  title     = {Filter-bank based all-digital channelizers and aggregators for multi-standard video distribution},
  booktitle = {2015 {IEEE} International Conference on Digital Signal Processing, {DSP} 2015, Singapore, July 21-24, 2015},
  year      = {2015},
  pages     = {1117--1120},
  publisher = {{IEEE}},
  bibsource = {dblp computer science bibliography, http://dblp.org},
  biburl    = {http://dblp.uni-trier.de/rec/bib/conf/icdsp/JohanssonG15a},
  doi       = {10.1109/ICDSP.2015.7252052},
  keywords  = {rank4},
  timestamp = {Tue, 22 Sep 2015 18:08:19 +0200},
  url       = {http://dx.doi.org/10.1109/ICDSP.2015.7252052},
}

@InProceedings{AlamGustafsson2015,
  author    = {Syed Asad Alam and Oscar Gustafsson},
  title     = {Generalized division-free architecture and compact memory structure for resampling in particle filters},
  booktitle = {European Conference on Circuit Theory and Design, {ECCTD} 2015, Trondheim, Norway, August 24-26, 2015},
  year      = {2015},
  pages     = {1--4},
  publisher = {{IEEE}},
  bibsource = {dblp computer science bibliography, http://dblp.org},
  biburl    = {http://dblp.uni-trier.de/rec/bib/conf/ecctd/AlamG15},
  doi       = {10.1109/ECCTD.2015.7300060},
  timestamp = {Thu, 22 Oct 2015 09:49:02 +0200},
  url       = {http://dx.doi.org/10.1109/ECCTD.2015.7300060},
}

@InProceedings{IngemarssonGustafsson2015,
  author    = {Carl Ingemarsson and Oscar Gustafsson},
  title     = {On fixed-point implementation of symmetric matrix inversion},
  booktitle = {European Conference on Circuit Theory and Design, {ECCTD} 2015, Trondheim, Norway, August 24-26, 2015},
  year      = {2015},
  pages     = {1--4},
  publisher = {{IEEE}},
  bibsource = {dblp computer science bibliography, http://dblp.org},
  biburl    = {http://dblp.uni-trier.de/rec/bib/conf/ecctd/IngemarssonG15},
  doi       = {10.1109/ECCTD.2015.7300068},
  timestamp = {Thu, 22 Oct 2015 09:49:02 +0200},
  url       = {http://dx.doi.org/10.1109/ECCTD.2015.7300068},
}

@InProceedings{JohanssonGustafsson2015a,
  author    = {H{\aa}kan Johansson and Oscar Gustafsson},
  title     = {On frequency-domain implementation of digital {FIR} filters},
  booktitle = {2015 {IEEE} International Conference on Digital Signal Processing, {DSP} 2015, Singapore, July 21-24, 2015},
  year      = {2015},
  pages     = {315--318},
  publisher = {{IEEE}},
  bibsource = {dblp computer science bibliography, http://dblp.org},
  biburl    = {http://dblp.uni-trier.de/rec/bib/conf/icdsp/JohanssonG15},
  doi       = {10.1109/ICDSP.2015.7251883},
  timestamp = {Tue, 22 Sep 2015 18:08:19 +0200},
  url       = {http://dx.doi.org/10.1109/ICDSP.2015.7251883},
}

@Article{AlamGustafsson2014,
  author    = {Syed Asad Alam and Oscar Gustafsson},
  title     = {Design of Finite Word Length Linear-Phase {FIR} Filters in the Logarithmic Number System Domain},
  journal   = {{VLSI} Design},
  year      = {2014},
  volume    = {2014},
  pages     = {217495:1--217495:14},
  bibsource = {dblp computer science bibliography, http://dblp.org},
  biburl    = {http://dblp.uni-trier.de/rec/bib/journals/vlsi/AlamG14},
  doi       = {10.1155/2014/217495},
  timestamp = {Mon, 01 Jun 2015 01:00:00 +0200},
  url       = {http://dx.doi.org/10.1155/2014/217495},
}

@InProceedings{SadeghifarWiknerGustafsson2014,
  author    = {Mohammad Reza Sadeghifar and J. Jacob Wikner and Oscar Gustafsson},
  title     = {Linear programming design of semi-digital {FIR} filter and {\(\Sigma\)}{\(\Delta\)} modulator for {VDSL2} transmitter},
  booktitle = {{IEEE} International Symposium on Circuits and Systemss, {ISCAS} 2014, Melbourne, Victoria, Australia, June 1-5, 2014},
  year      = {2014},
  pages     = {2465--2468},
  publisher = {{IEEE}},
  bibsource = {dblp computer science bibliography, http://dblp.org},
  biburl    = {http://dblp.uni-trier.de/rec/bib/conf/iscas/SadeghifarWG14},
  doi       = {10.1109/ISCAS.2014.6865672},
  timestamp = {Fri, 20 May 2016 09:19:46 +0200},
  url       = {http://dx.doi.org/10.1109/ISCAS.2014.6865672},
}

@Article{GarridoQureshiGustafsson2014,
  author    = {Mario Garrido and Fahad Qureshi and Oscar Gustafsson},
  title     = {Low-Complexity Multiplierless Constant Rotators Based on Combined Coefficient Selection and Shift-and-Add Implementation {(CCSSI)}},
  journal   = {{IEEE} Trans. on Circuits and Systems},
  year      = {2014},
  volume    = {61-I},
  number    = {7},
  pages     = {2002--2012},
  bibsource = {dblp computer science bibliography, http://dblp.org},
  biburl    = {http://dblp.uni-trier.de/rec/bib/journals/tcas/GarridoQG14},
  doi       = {10.1109/TCSI.2014.2304664},
  timestamp = {Thu, 18 Sep 2014 01:00:00 +0200},
  url       = {http://dx.doi.org/10.1109/TCSI.2014.2304664},
}

@Article{AfzalWiknerGustafsson2014,
  author    = {Nadeem Afzal and J. Jacob Wikner and Oscar Gustafsson},
  title     = {Reducing Complexity and Power of Digital Multibit Error-Feedback {\(\Delta\)}{\(\Sigma\)} Modulators},
  journal   = {{IEEE} Trans. on Circuits and Systems},
  year      = {2014},
  volume    = {61-II},
  number    = {9},
  pages     = {641--645},
  bibsource = {dblp computer science bibliography, http://dblp.org},
  biburl    = {http://dblp.uni-trier.de/rec/bib/journals/tcas/AfzalWG14},
  doi       = {10.1109/TCSII.2014.2331105},
  timestamp = {Thu, 18 Sep 2014 01:00:00 +0200},
  url       = {http://dx.doi.org/10.1109/TCSII.2014.2331105},
}

@InProceedings{BoopalGarridoGustafsson2013,
  author    = {Padma Prasad Boopal and Mario Garrido and Oscar Gustafsson},
  title     = {A reconfigurable {FFT} architecture for variable-length and multi-streaming {OFDM} standards},
  booktitle = {2013 {IEEE} International Symposium on Circuits and Systems (ISCAS2013), Beijing, China, May 19-23, 2013},
  year      = {2013},
  pages     = {2066--2070},
  publisher = {{IEEE}},
  bibsource = {dblp computer science bibliography, http://dblp.org},
  biburl    = {http://dblp.uni-trier.de/rec/bib/conf/iscas/BoopalGG13},
  doi       = {10.1109/ISCAS.2013.6572279},
  timestamp = {Mon, 26 Aug 2013 07:33:58 +0200},
  url       = {http://dx.doi.org/10.1109/ISCAS.2013.6572279},
}

@InCollection{GustafssonWanhammar2013,
  author    = {Oscar Gustafsson and Lars Wanhammar},
  title     = {Arithmetic},
  booktitle = {Handbook of Signal Processing Systems},
  publisher = {Springer},
  year      = {2013},
  editor    = {Shuvra S. Bhattacharyya and Ed F. Deprettere and Rainer Leupers and Jarmo Takala},
  pages     = {593--637},
  bibsource = {dblp computer science bibliography, http://dblp.org},
  biburl    = {http://dblp.uni-trier.de/rec/bib/reference/sps/GustafssonW13},
  doi       = {10.1007/978-1-4614-6859-2_19},
  timestamp = {Wed, 11 Dec 2013 13:59:28 +0100},
  url       = {http://dx.doi.org/10.1007/978-1-4614-6859-2_19},
}

@Article{AshrafiStrolloGustafsson2013,
  author    = {Ashkan Ashrafi and Antonio G. M. Strollo and Oscar Gustafsson},
  title     = {Hardware Implementation of Digital Signal Processing Algorithms},
  journal   = {J. Electrical and Computer Engineering},
  year      = {2013},
  volume    = {2013},
  pages     = {782575:1--782575:2},
  bibsource = {dblp computer science bibliography, http://dblp.org},
  biburl    = {http://dblp.uni-trier.de/rec/bib/journals/jece/AshrafiSG13},
  doi       = {10.1155/2013/782575},
  timestamp = {Fri, 29 May 2015 01:00:00 +0200},
  url       = {http://dx.doi.org/10.1155/2013/782575},
}

@InProceedings{GustafssonEhliar2013,
  author    = {Oscar Gustafsson and Andreas Ehliar},
  title     = {Low-complexity general {FIR} filters based on Winograd's inner product algorithm},
  booktitle = {2013 {IEEE} International Symposium on Circuits and Systems (ISCAS2013), Beijing, China, May 19-23, 2013},
  year      = {2013},
  pages     = {93--96},
  publisher = {{IEEE}},
  bibsource = {dblp computer science bibliography, http://dblp.org},
  biburl    = {http://dblp.uni-trier.de/rec/bib/conf/iscas/GustafssonE13},
  doi       = {10.1109/ISCAS.2013.6571790},
  timestamp = {Mon, 26 Aug 2013 07:33:58 +0200},
  url       = {http://dx.doi.org/10.1109/ISCAS.2013.6571790},
}

@Article{AbbasGustafssonJohansson2013,
  author    = {Muhammad Abbas and Oscar Gustafsson and H{\aa}kan Johansson},
  title     = {On the Fixed-Point Implementation of Fractional-Delay Filters Based on the Farrow Structure},
  journal   = {{IEEE} Trans. on Circuits and Systems},
  year      = {2013},
  volume    = {60-I},
  number    = {4},
  pages     = {926--937},
  bibsource = {dblp computer science bibliography, http://dblp.org},
  biburl    = {http://dblp.uni-trier.de/rec/bib/journals/tcas/AbbasGJ13},
  doi       = {10.1109/TCSI.2013.2244272},
  timestamp = {Wed, 10 Apr 2013 01:00:00 +0200},
  url       = {http://dx.doi.org/10.1109/TCSI.2013.2244272},
}

@Article{GarridoGrajalMarcosEtAl2013,
  author    = {Mario Garrido and Jes{\'{u}}s Grajal and Miguel A. S{\'{a}}nchez Marcos and Oscar Gustafsson},
  title     = {Pipelined Radix-2\({}^{\mbox{k}}\) Feedforward {FFT} Architectures},
  journal   = {{IEEE} Trans. {VLSI} Syst.},
  year      = {2013},
  volume    = {21},
  number    = {1},
  pages     = {23--32},
  bibsource = {dblp computer science bibliography, http://dblp.org},
  biburl    = {http://dblp.uni-trier.de/rec/bib/journals/tvlsi/GarridoGSG13},
  doi       = {10.1109/TVLSI.2011.2178275},
  timestamp = {Sat, 10 Jan 2015 00:00:00 +0100},
  url       = {http://dx.doi.org/10.1109/TVLSI.2011.2178275},
}

@Article{SheikhGustafsson2012,
  author    = {Zaka Ullah Sheikh and Oscar Gustafsson},
  title     = {Linear Programming Design of Coefficient Decimation {FIR} Filters},
  journal   = {{IEEE} Trans. on Circuits and Systems},
  year      = {2012},
  volume    = {59-II},
  number    = {1},
  pages     = {60--64},
  bibsource = {dblp computer science bibliography, http://dblp.org},
  biburl    = {http://dblp.uni-trier.de/rec/bib/journals/tcas/SheikhG12},
  doi       = {10.1109/TCSII.2011.2173965},
  timestamp = {Mon, 23 Jan 2012 00:00:00 +0100},
  url       = {http://dx.doi.org/10.1109/TCSII.2011.2173965},
}

@InProceedings{KallstromGarridoGustafsson2012,
  author    = {Petter Kallstrom and Mario Garrido and Oscar Gustafsson},
  title     = {Low-complexity rotators for the {FFT} using base-3 signed stages},
  booktitle = {{IEEE} Asia Pacific Conference on Circuits and Systems, {APCCAS} 2012, Kaohsiung, Taiwan, December 2-5, 2012},
  year      = {2012},
  pages     = {519--522},
  publisher = {{IEEE}},
  bibsource = {dblp computer science bibliography, http://dblp.org},
  biburl    = {http://dblp.uni-trier.de/rec/bib/conf/apccas/KallstromGG12},
  doi       = {10.1109/APCCAS.2012.6419086},
  timestamp = {Fri, 08 May 2015 15:30:14 +0200},
  url       = {http://dx.doi.org/10.1109/APCCAS.2012.6419086},
}

@InProceedings{IngemarssonKallstromGustafsson2012,
  author    = {Carl Ingemarsson and Petter Kallstrom and Oscar Gustafsson},
  title     = {Using {DSP} block pre-adders in pipeline {SDF} {FFT} implementations in contemporary FPGAs},
  booktitle = {22nd International Conference on Field Programmable Logic and Applications (FPL), Oslo, Norway, August 29-31, 2012},
  year      = {2012},
  editor    = {Dirk Koch and Satnam Singh and Jim T{\o}rresen},
  pages     = {71--74},
  publisher = {{IEEE}},
  bibsource = {dblp computer science bibliography, http://dblp.org},
  biburl    = {http://dblp.uni-trier.de/rec/bib/conf/fpl/IngemarssonKG12},
  doi       = {10.1109/FPL.2012.6339243},
  timestamp = {Mon, 12 Nov 2012 15:25:30 +0100},
  url       = {http://dx.doi.org/10.1109/FPL.2012.6339243},
}

@InProceedings{BladGustafsson2011,
  author    = {Anton Blad and Oscar Gustafsson},
  title     = {{FPGA} implementation of rate-compatible {QC-LDPC} code decoder},
  booktitle = {20th European Conference on Circuit Theory and Design, {ECCTD} 2011, Linkoping, Sweden, Aug. 29-31, 2011},
  year      = {2011},
  pages     = {777--780},
  publisher = {{IEEE}},
  bibsource = {dblp computer science bibliography, http://dblp.org},
  biburl    = {http://dblp.uni-trier.de/rec/bib/conf/ecctd/BladG11},
  doi       = {10.1109/ECCTD.2011.6043844},
  timestamp = {Mon, 31 Oct 2011 11:49:23 +0100},
  url       = {http://dx.doi.org/10.1109/ECCTD.2011.6043844},
}

@InProceedings{AhmedGarridoGustafsson2011,
  author    = {Tanvir Ahmed and Mario Garrido and Oscar Gustafsson},
  title     = {A 512-point 8-parallel pipelined feedforward {FFT} for {WPAN}},
  booktitle = {Conference Record of the Forty Fifth Asilomar Conference on Signals, Systems and Computers, {ACSCC} 2011, Pacific Grove, CA, USA, November 6-9, 2011},
  year      = {2011},
  editor    = {Michael B. Matthews},
  pages     = {981--984},
  publisher = {{IEEE}},
  bibsource = {dblp computer science bibliography, http://dblp.org},
  biburl    = {http://dblp.uni-trier.de/rec/bib/conf/acssc/AhmedGG11},
  doi       = {10.1109/ACSSC.2011.6190157},
  timestamp = {Tue, 28 Apr 2015 17:32:17 +0200},
  url       = {http://dx.doi.org/10.1109/ACSSC.2011.6190157},
}

@Article{GarridoGustafssonGrajal2011,
  author    = {Mario Garrido and Oscar Gustafsson and Jes{\'{u}}s Grajal},
  title     = {Accurate Rotations Based on Coefficient Scaling},
  journal   = {{IEEE} Trans. on Circuits and Systems},
  year      = {2011},
  volume    = {58-II},
  number    = {10},
  pages     = {662--666},
  bibsource = {dblp computer science bibliography, http://dblp.org},
  biburl    = {http://dblp.uni-trier.de/rec/bib/journals/tcas/GarridoGG11a},
  doi       = {10.1109/TCSII.2011.2164144},
  timestamp = {Mon, 24 Oct 2011 01:00:00 +0200},
  url       = {http://dx.doi.org/10.1109/TCSII.2011.2164144},
}

@InProceedings{AbbasGustafsson2011,
  author    = {Muhammad Abbas and Oscar Gustafsson},
  title     = {Computational and implementation complexity of polynomial evaluation schemes},
  booktitle = {2011 NORCHIP, Lund, Sweden, November 14-15, 2011},
  year      = {2011},
  pages     = {1--6},
  publisher = {{IEEE}},
  bibsource = {dblp computer science bibliography, http://dblp.org},
  biburl    = {http://dblp.uni-trier.de/rec/bib/conf/norchip/AbbasG11},
  doi       = {10.1109/NORCHP.2011.6126735},
  timestamp = {Wed, 11 Feb 2015 10:01:32 +0100},
  url       = {http://dx.doi.org/10.1109/NORCHP.2011.6126735},
}

@InProceedings{IngemarssonGustafsson2011,
  author    = {Carl Ingemarsson and Oscar Gustafsson},
  title     = {Finite wordlength properties of matrix inversion algorithms in fixed-point and logarithmic number systems},
  booktitle = {20th European Conference on Circuit Theory and Design, {ECCTD} 2011, Linkoping, Sweden, Aug. 29-31, 2011},
  year      = {2011},
  pages     = {673--676},
  publisher = {{IEEE}},
  bibsource = {dblp computer science bibliography, http://dblp.org},
  biburl    = {http://dblp.uni-trier.de/rec/bib/conf/ecctd/IngemarssonG11},
  doi       = {10.1109/ECCTD.2011.6043633},
  timestamp = {Mon, 31 Oct 2011 11:49:23 +0100},
  url       = {http://dx.doi.org/10.1109/ECCTD.2011.6043633},
}

@InProceedings{QureshiGustafsson2011,
  author    = {Fahad Qureshi and Oscar Gustafsson},
  title     = {Generation of all radix-2 fast Fourier transform algorithms using binary trees},
  booktitle = {20th European Conference on Circuit Theory and Design, {ECCTD} 2011, Linkoping, Sweden, Aug. 29-31, 2011},
  year      = {2011},
  pages     = {677--680},
  publisher = {{IEEE}},
  bibsource = {dblp computer science bibliography, http://dblp.org},
  biburl    = {http://dblp.uni-trier.de/rec/bib/conf/ecctd/QureshiG11},
  doi       = {10.1109/ECCTD.2011.6043634},
  timestamp = {Mon, 31 Oct 2011 11:49:23 +0100},
  url       = {http://dx.doi.org/10.1109/ECCTD.2011.6043634},
}

@InProceedings{AlamGustafsson2011,
  author    = {Syed Asad Alam and Oscar Gustafsson},
  title     = {Implementation of narrow-band frequency-response masking for efficient narrow transition band {FIR} filters on FPGAs},
  booktitle = {2011 NORCHIP, Lund, Sweden, November 14-15, 2011},
  year      = {2011},
  pages     = {1--4},
  publisher = {{IEEE}},
  bibsource = {dblp computer science bibliography, http://dblp.org},
  biburl    = {http://dblp.uni-trier.de/rec/bib/conf/norchip/AlamG11},
  doi       = {10.1109/NORCHP.2011.6126702},
  timestamp = {Wed, 11 Feb 2015 10:01:32 +0100},
  url       = {http://dx.doi.org/10.1109/NORCHP.2011.6126702},
}

@InProceedings{AlamGustafsson2011a,
  author    = {Syed Asad Alam and Oscar Gustafsson},
  title     = {Implementation of time-multiplexed sparse periodic {FIR} filters for {FRM} on FPGAs},
  booktitle = {International Symposium on Circuits and Systems {(ISCAS} 2011), May 15-19 2011, Rio de Janeiro, Brazil},
  year      = {2011},
  pages     = {661--664},
  publisher = {{IEEE}},
  bibsource = {dblp computer science bibliography, http://dblp.org},
  biburl    = {http://dblp.uni-trier.de/rec/bib/conf/iscas/AlamG11},
  doi       = {10.1109/ISCAS.2011.5937652},
  timestamp = {Fri, 20 May 2016 09:36:47 +0200},
  url       = {http://dx.doi.org/10.1109/ISCAS.2011.5937652},
}

@Article{QureshiGustafsson2011a,
  author    = {Fahad Qureshi and Oscar Gustafsson},
  title     = {Low-Complexity Constant Multiplication Based on Trigonometric Identities with Applications to FFTs},
  journal   = {{IEICE} Transactions},
  year      = {2011},
  volume    = {94-A},
  number    = {11},
  pages     = {2361--2368},
  bibsource = {dblp computer science bibliography, http://dblp.org},
  biburl    = {http://dblp.uni-trier.de/rec/bib/journals/ieicet/QureshiG11},
  timestamp = {Fri, 04 Nov 2011 00:00:00 +0100},
  url       = {http://search.ieice.org/bin/summary.php?id=e94-a_11_2361},
}

@InProceedings{KallstromGustafsson2011,
  author    = {Petter Kallstrom and Oscar Gustafsson},
  title     = {Magnitude scaling for increased {SFDR} in {DDFS}},
  booktitle = {2011 NORCHIP, Lund, Sweden, November 14-15, 2011},
  year      = {2011},
  pages     = {1--4},
  publisher = {{IEEE}},
  bibsource = {dblp computer science bibliography, http://dblp.org},
  biburl    = {http://dblp.uni-trier.de/rec/bib/conf/norchip/KallstromG11},
  doi       = {10.1109/NORCHP.2011.6126708},
  timestamp = {Wed, 11 Feb 2015 10:01:32 +0100},
  url       = {http://dx.doi.org/10.1109/NORCHP.2011.6126708},
}

@InProceedings{JohanssonGustafssonDeBrunnerEtAl2011,
  author    = {Kenny Johansson and Oscar Gustafsson and Linda DeBrunner and Lars Wanhammar},
  title     = {Minimum adder depth multiple constant multiplication algorithm for low power {FIR} filters},
  booktitle = {International Symposium on Circuits and Systems {(ISCAS} 2011), May 15-19 2011, Rio de Janeiro, Brazil},
  year      = {2011},
  pages     = {1439--1442},
  publisher = {{IEEE}},
  bibsource = {dblp computer science bibliography, http://dblp.org},
  biburl    = {http://dblp.uni-trier.de/rec/bib/conf/iscas/JohanssonGDW11},
  doi       = {10.1109/ISCAS.2011.5937844},
  timestamp = {Fri, 20 May 2016 09:36:47 +0200},
  url       = {http://dx.doi.org/10.1109/ISCAS.2011.5937844},
}

@Article{AtharGustafssonQureshiEtAl2011,
  author    = {Saima Athar and Oscar Gustafsson and Fahad Qureshi and Izzet Kale},
  title     = {On the efficient computation of single-bit input word length pipelined FFTs},
  journal   = {{IEICE} Electronic Express},
  year      = {2011},
  volume    = {8},
  number    = {17},
  pages     = {1437--1443},
  bibsource = {dblp computer science bibliography, http://dblp.org},
  biburl    = {http://dblp.uni-trier.de/rec/bib/journals/ieiceee/AtharGQK11},
  doi       = {10.1587/elex.8.1437},
  timestamp = {Mon, 26 May 2014 01:00:00 +0200},
  url       = {http://dx.doi.org/10.1587/elex.8.1437},
}

@InProceedings{AtharGustafsson2011,
  author    = {Saima Athar and Oscar Gustafsson},
  title     = {Optimization of {AIQ} representations for low complexity wavelet transforms},
  booktitle = {20th European Conference on Circuit Theory and Design, {ECCTD} 2011, Linkoping, Sweden, Aug. 29-31, 2011},
  year      = {2011},
  pages     = {314--317},
  publisher = {{IEEE}},
  bibsource = {dblp computer science bibliography, http://dblp.org},
  biburl    = {http://dblp.uni-trier.de/rec/bib/conf/ecctd/AtharG11},
  doi       = {10.1109/ECCTD.2011.6043349},
  timestamp = {Mon, 31 Oct 2011 11:49:23 +0100},
  url       = {http://dx.doi.org/10.1109/ECCTD.2011.6043349},
}

@Article{GarridoGrajalGustafsson2011,
  author    = {Mario Garrido and Jes{\'{u}}s Grajal and Oscar Gustafsson},
  title     = {Optimum Circuits for Bit Reversal},
  journal   = {{IEEE} Trans. on Circuits and Systems},
  year      = {2011},
  volume    = {58-II},
  number    = {10},
  pages     = {657--661},
  bibsource = {dblp computer science bibliography, http://dblp.org},
  biburl    = {http://dblp.uni-trier.de/rec/bib/journals/tcas/GarridoGG11},
  doi       = {10.1109/TCSII.2011.2164141},
  timestamp = {Mon, 24 Oct 2011 01:00:00 +0200},
  url       = {http://dx.doi.org/10.1109/TCSII.2011.2164141},
}

@Article{LarssonGustafsson2011,
  author    = {Erik G. Larsson and Oscar Gustafsson},
  title     = {The Impact of Dynamic Voltage and Frequency Scaling on Multicore {DSP} Algorithm Design [Exploratory {DSP]}},
  journal   = {{IEEE} Signal Process. Mag.},
  year      = {2011},
  volume    = {28},
  number    = {3},
  pages     = {127--144},
  bibsource = {dblp computer science bibliography, http://dblp.org},
  biburl    = {http://dblp.uni-trier.de/rec/bib/journals/spm/LarssonG11},
  doi       = {10.1109/MSP.2011.940410},
  timestamp = {Tue, 27 Mar 2012 01:00:00 +0200},
  url       = {http://dx.doi.org/10.1109/MSP.2011.940410},
}

@Article{GustafssonQureshi2010,
  author    = {Oscar Gustafsson and Fahad Qureshi},
  title     = {Addition Aware Quantization for Low Complexity and High Precision Constant Multiplication},
  journal   = {{IEEE} Signal Process. Lett.},
  year      = {2010},
  volume    = {17},
  number    = {2},
  pages     = {173--176},
  bibsource = {dblp computer science bibliography, http://dblp.org},
  biburl    = {http://dblp.uni-trier.de/rec/bib/journals/spl/GustafssonQ10},
  doi       = {10.1109/LSP.2009.2036384},
  timestamp = {Thu, 13 Jun 2013 01:00:00 +0200},
  url       = {http://dx.doi.org/10.1109/LSP.2009.2036384},
}

@InProceedings{QureshiGarridoGustafsson2010,
  author    = {Fahad Qureshi and Mario Garrido and Oscar Gustafsson},
  title     = {Alternatives for low-complexity complex rotators},
  booktitle = {17th {IEEE} International Conference on Electronics, Circuits, and Systems, {ICECS} 2010, Athens, Greece, 12-15 December, 2010},
  year      = {2010},
  pages     = {17--20},
  publisher = {{IEEE}},
  bibsource = {dblp computer science bibliography, http://dblp.org},
  biburl    = {http://dblp.uni-trier.de/rec/bib/conf/icecsys/QureshiGG10},
  doi       = {10.1109/ICECS.2010.5724443},
  timestamp = {Tue, 29 Nov 2011 15:56:51 +0100},
  url       = {http://dx.doi.org/10.1109/ICECS.2010.5724443},
}

@InProceedings{GustafssonAmiriAnderssonEtAl2010,
  author    = {Oscar Gustafsson and Kiarash Amiri and Dennis Andersson and Anton Blad and Christian Bonnet and Joseph R. Cavallaro and Jeroen Declerck and Antoine Dejonghe and Patrik Eliardsson and Miguel Glassee and Aawatif Hayar and Lieven Hollevoet and Christopher Hunter and Madhura Joshi and Florian Kaltenberger and Raymond Knopp and Khanh Le and Zoran Miljanic and Patrick Murphy and Frederik Naessens and Navid Nikaein and Dominique Nussbaum and Renaud Pacalet and Praveen Raghavan and Ashutosh Sabharwal and Onkar Sarode and Predrag Spasojevic and Yang Sun and Hugo M. Tullberg and Tom Vander Aa and Liesbet Van der Perre and Michelle Wetterwald and Michael Wu},
  title     = {Architectures for cognitive radio testbeds and demonstrators - An overview},
  booktitle = {5th International {ICST} Conference on Cognitive Radio Oriented Wireless Networks and Communications, {CROWNCOM} 2010, Cannes, France, June 9-11, 2010},
  year      = {2010},
  editor    = {Erik Larsson and Aawatif Hayar},
  pages     = {1--6},
  publisher = {{ICST} / {IEEE}},
  bibsource = {dblp computer science bibliography, http://dblp.org},
  biburl    = {http://dblp.uni-trier.de/rec/bib/conf/crowncom/GustafssonAABBC10},
  doi       = {10.4108/ICST.CROWNCOM2010.9290},
  timestamp = {Thu, 19 Mar 2015 16:19:52 +0100},
  url       = {http://dx.doi.org/10.4108/ICST.CROWNCOM2010.9290},
}

@InCollection{GustafssonWanhammar2010,
  author    = {Oscar Gustafsson and Lars Wanhammar},
  title     = {Arithmetic},
  booktitle = {Handbook of Signal Processing Systems},
  publisher = {Springer},
  year      = {2010},
  editor    = {Shuvra S. Bhattacharyya and Ed F. Deprettere and Rainer Leupers and Jarmo Takala},
  pages     = {283--327},
  bibsource = {dblp computer science bibliography, http://dblp.org},
  biburl    = {http://dblp.uni-trier.de/rec/bib/books/daglib/p/GustafssonW10},
  doi       = {10.1007/978-1-4419-6345-1_12},
  timestamp = {Thu, 25 Feb 2016 14:11:59 +0100},
  url       = {http://dx.doi.org/10.1007/978-1-4419-6345-1_12},
}

@InProceedings{SheikhGustafsson2010,
  author    = {Zaka Ullah Sheikh and Oscar Gustafsson},
  title     = {Design of narrow-band and wide-band frequency-response masking filters using sparse non-periodic sub-filters},
  booktitle = {18th European Signal Processing Conference, {EUSIPCO} 2010, Aalborg, Denmark, August 23-27, 2010},
  year      = {2010},
  pages     = {1704--1707},
  publisher = {{IEEE}},
  bibsource = {dblp computer science bibliography, http://dblp.org},
  biburl    = {http://dblp.uni-trier.de/rec/bib/conf/eusipco/SheikhG10},
  timestamp = {Mon, 05 Oct 2015 10:46:48 +0200},
  url       = {https://ieeexplore.ieee.org/xpl/freeabs_all.jsp?arnumber=7096541},
}

@Article{BladGustafsson2010,
  author    = {Anton Blad and Oscar Gustafsson},
  title     = {Integer Linear Programming-Based Bit-Level Optimization for High-Speed {FIR} Decimation Filter Architectures},
  journal   = {{CSSP}},
  year      = {2010},
  volume    = {29},
  number    = {1},
  pages     = {81--101},
  bibsource = {dblp computer science bibliography, http://dblp.org},
  biburl    = {http://dblp.uni-trier.de/rec/bib/journals/cssp/BladG10},
  doi       = {10.1007/s00034-009-9116-5},
  timestamp = {Fri, 15 May 2015 01:00:00 +0200},
  url       = {http://dx.doi.org/10.1007/s00034-009-9116-5},
}

@InProceedings{BladGustafsson2010a,
  author    = {Anton Blad and Oscar Gustafsson},
  title     = {Redundancy reduction for high-speed fir filter architectures based on carry-save adder trees},
  booktitle = {International Symposium on Circuits and Systems {(ISCAS} 2010), May 30 - June 2, 2010, Paris, France},
  year      = {2010},
  pages     = {181--184},
  publisher = {{IEEE}},
  bibsource = {dblp computer science bibliography, http://dblp.org},
  biburl    = {http://dblp.uni-trier.de/rec/bib/conf/iscas/BladG10},
  doi       = {10.1109/ISCAS.2010.5537997},
  timestamp = {Fri, 20 May 2016 09:38:10 +0200},
  url       = {http://dx.doi.org/10.1109/ISCAS.2010.5537997},
}

@InProceedings{QureshiGustafsson2010,
  author    = {Fahad Qureshi and Oscar Gustafsson},
  title     = {Twiddle factor memory switching activity analysis of radix-2\({}^{\mbox{2}}\) and equivalent {FFT} algorithms},
  booktitle = {International Symposium on Circuits and Systems {(ISCAS} 2010), May 30 - June 2, 2010, Paris, France},
  year      = {2010},
  pages     = {4145--4148},
  publisher = {{IEEE}},
  bibsource = {dblp computer science bibliography, http://dblp.org},
  biburl    = {http://dblp.uni-trier.de/rec/bib/conf/iscas/QureshiG10},
  doi       = {10.1109/ISCAS.2010.5537605},
  timestamp = {Fri, 20 May 2016 09:38:10 +0200},
  url       = {http://dx.doi.org/10.1109/ISCAS.2010.5537605},
}

@InProceedings{JohanssonGustafssonDeBrunner2009,
  author    = {Kenny Johansson and Oscar Gustafsson and Linda DeBrunner},
  title     = {Estimation of the Switching Activity in Shift-and-add based Computations},
  booktitle = {International Symposium on Circuits and Systems {(ISCAS} 2009), 24-17 May 2009, Taipei, Taiwan},
  year      = {2009},
  pages     = {3054--3057},
  publisher = {{IEEE}},
  bibsource = {dblp computer science bibliography, http://dblp.org},
  biburl    = {http://dblp.uni-trier.de/rec/bib/conf/iscas/JohanssonGD09},
  doi       = {10.1109/ISCAS.2009.5118447},
  timestamp = {Fri, 20 May 2016 09:39:07 +0200},
  url       = {http://dx.doi.org/10.1109/ISCAS.2009.5118447},
}

@InProceedings{QureshiGustafsson2009,
  author    = {Fahad Qureshi and Oscar Gustafsson},
  title     = {Low-complexity Reconfigurable Complex Constant Multiplication for FFTs},
  booktitle = {International Symposium on Circuits and Systems {(ISCAS} 2009), 24-17 May 2009, Taipei, Taiwan},
  year      = {2009},
  pages     = {1137--1140},
  publisher = {{IEEE}},
  bibsource = {dblp computer science bibliography, http://dblp.org},
  biburl    = {http://dblp.uni-trier.de/rec/bib/conf/iscas/QureshiG09},
  doi       = {10.1109/ISCAS.2009.5117961},
  timestamp = {Fri, 20 May 2016 09:39:07 +0200},
  url       = {http://dx.doi.org/10.1109/ISCAS.2009.5117961},
}

@InProceedings{KhanGustafssonJohansson2009,
  author    = {Tahir Abbas Khan and Oscar Gustafsson and H{\aa}kan Johansson},
  title     = {Scaling of Fractional Delay Filters based on the Farrow Structure},
  booktitle = {International Symposium on Circuits and Systems {(ISCAS} 2009), 24-17 May 2009, Taipei, Taiwan},
  year      = {2009},
  pages     = {489--492},
  publisher = {{IEEE}},
  bibsource = {dblp computer science bibliography, http://dblp.org},
  biburl    = {http://dblp.uni-trier.de/rec/bib/conf/iscas/KhanGJ09},
  doi       = {10.1109/ISCAS.2009.5117792},
  timestamp = {Fri, 20 May 2016 09:39:07 +0200},
  url       = {http://dx.doi.org/10.1109/ISCAS.2009.5117792},
}

@InProceedings{BladGustafsson2008,
  author    = {Anton Blad and Oscar Gustafsson},
  title     = {Bit-level optimized {FIR} filter architectures for high-speed decimation applications},
  booktitle = {International Symposium on Circuits and Systems {(ISCAS} 2008), 18-21 May 2008, Sheraton Seattle Hotel, Seattle, Washington, {USA}},
  year      = {2008},
  pages     = {1914--1917},
  publisher = {{IEEE}},
  bibsource = {dblp computer science bibliography, http://dblp.org},
  biburl    = {http://dblp.uni-trier.de/rec/bib/conf/iscas/BladG08},
  doi       = {10.1109/ISCAS.2008.4541817},
  timestamp = {Fri, 20 May 2016 09:40:26 +0200},
  url       = {http://dx.doi.org/10.1109/ISCAS.2008.4541817},
}

@Article{Gustafsson2008,
  author    = {Oscar Gustafsson},
  title     = {Comments on 'A 70 MHz Multiplierless {FIR} Hilbert Transformer in 0.35 {\(\mathrm{\mu}\)}m Standard {CMOS} Library'},
  journal   = {{IEICE} Transactions},
  year      = {2008},
  volume    = {91-A},
  number    = {3},
  pages     = {899--900},
  bibsource = {dblp computer science bibliography, http://dblp.org},
  biburl    = {http://dblp.uni-trier.de/rec/bib/journals/ieicet/Gustafsson08},
  doi       = {10.1093/ietfec/e91-a.3.899},
  timestamp = {Tue, 16 Sep 2008 01:00:00 +0200},
  url       = {http://dx.doi.org/10.1093/ietfec/e91-a.3.899},
}

@Article{JohanssonGustafssonWanhammar2008,
  author    = {Kenny Johansson and Oscar Gustafsson and Lars Wanhammar},
  title     = {Implementation of elementary functions for logarithmic number systems},
  journal   = {{IET} Computers {\&} Digital Techniques},
  year      = {2008},
  volume    = {2},
  number    = {4},
  pages     = {295--304},
  bibsource = {dblp computer science bibliography, http://dblp.org},
  biburl    = {http://dblp.uni-trier.de/rec/bib/journals/iet-cdt/JohanssonGW08},
  doi       = {10.1049/iet-cdt:20070080},
  timestamp = {Wed, 22 Jun 2011 01:00:00 +0200},
  url       = {http://dx.doi.org/10.1049/iet-cdt:20070080},
}

@InProceedings{OskuiiJohanssonGustafssonEtAl2008,
  author    = {Saeeid Tahmasbi Oskuii and Kenny Johansson and Oscar Gustafsson and Per Gunnar Kjeldsberg},
  title     = {Power optimization of weighted bit-product summation tree for elementary function generator},
  booktitle = {International Symposium on Circuits and Systems {(ISCAS} 2008), 18-21 May 2008, Sheraton Seattle Hotel, Seattle, Washington, {USA}},
  year      = {2008},
  pages     = {1240--1243},
  publisher = {{IEEE}},
  bibsource = {dblp computer science bibliography, http://dblp.org},
  biburl    = {http://dblp.uni-trier.de/rec/bib/conf/iscas/OskuiiJGK08},
  doi       = {10.1109/ISCAS.2008.4541649},
  timestamp = {Fri, 20 May 2016 09:40:26 +0200},
  url       = {http://dx.doi.org/10.1109/ISCAS.2008.4541649},
}

@InProceedings{JohanssonGustafssonWanhammar2008a,
  author    = {Kenny Johansson and Oscar Gustafsson and Lars Wanhammar},
  title     = {Switching activity estimation for shift-and-add based constant multipliers},
  booktitle = {International Symposium on Circuits and Systems {(ISCAS} 2008), 18-21 May 2008, Sheraton Seattle Hotel, Seattle, Washington, {USA}},
  year      = {2008},
  pages     = {676--679},
  publisher = {{IEEE}},
  bibsource = {dblp computer science bibliography, http://dblp.org},
  biburl    = {http://dblp.uni-trier.de/rec/bib/conf/iscas/JohanssonGW08},
  doi       = {10.1109/ISCAS.2008.4541508},
  timestamp = {Fri, 20 May 2016 09:40:26 +0200},
  url       = {http://dx.doi.org/10.1109/ISCAS.2008.4541508},
}

@InProceedings{WanhammarSoltanianGustafssonEtAl2008,
  author    = {Lars Wanhammar and Baharak Soltanian and Oscar Gustafsson and Kenny Johansson},
  title     = {Synthesis of bandpass circulator-tree wave digital filters},
  booktitle = {15th {IEEE} International Conference on Electronics, Circuits and Systems, {ICECS} 2008, St. Julien's, Malta, August 31 2008-September 3, 2008},
  year      = {2008},
  pages     = {834--837},
  publisher = {{IEEE}},
  bibsource = {dblp computer science bibliography, http://dblp.org},
  biburl    = {http://dblp.uni-trier.de/rec/bib/conf/icecsys/WanhammarSGJ08},
  doi       = {10.1109/ICECS.2008.4674983},
  timestamp = {Tue, 22 Apr 2014 15:56:46 +0200},
  url       = {http://dx.doi.org/10.1109/ICECS.2008.4674983},
}

@InProceedings{Gustafsson2007,
  author    = {Oscar Gustafsson},
  title     = {A Difference Based Adder Graph Heuristic for Multiple Constant Multiplication Problems},
  booktitle = {International Symposium on Circuits and Systems {(ISCAS} 2007), 27-20 May 2007, New Orleans, Louisiana, {USA}},
  year      = {2007},
  pages     = {1097--1100},
  publisher = {{IEEE}},
  bibsource = {dblp computer science bibliography, http://dblp.org},
  biburl    = {http://dblp.uni-trier.de/rec/bib/conf/iscas/Gustafsson07},
  doi       = {10.1109/ISCAS.2007.378201},
  timestamp = {Fri, 20 May 2016 09:41:11 +0200},
  url       = {http://dx.doi.org/10.1109/ISCAS.2007.378201},
}

@InProceedings{JohanssonGustafssonWanhammar2007,
  author    = {Kenny Johansson and Oscar Gustafsson and Lars Wanhammar},
  title     = {Bit-Level Optimization of Shift-and-Add Based {FIR} Filters},
  booktitle = {14th {IEEE} International Conference on Electronics, Circuits, and Systems, {ICECS} 2007, Marrakech, Morocco, December 11-14, 2007},
  year      = {2007},
  pages     = {713--716},
  publisher = {{IEEE}},
  bibsource = {dblp computer science bibliography, http://dblp.org},
  biburl    = {http://dblp.uni-trier.de/rec/bib/conf/icecsys/JohanssonGW07},
  doi       = {10.1109/ICECS.2007.4511091},
  timestamp = {Tue, 26 Nov 2013 20:43:23 +0100},
  url       = {http://dx.doi.org/10.1109/ICECS.2007.4511091},
}

@InProceedings{GustafssonJohansson2007,
  author    = {Oscar Gustafsson and H{\aa}kan Johansson},
  title     = {Complexity Comparison of Linear-Phase Mth-Band and General {FIR} Filters},
  booktitle = {International Symposium on Circuits and Systems {(ISCAS} 2007), 27-20 May 2007, New Orleans, Louisiana, {USA}},
  year      = {2007},
  pages     = {2335--2338},
  publisher = {{IEEE}},
  bibsource = {dblp computer science bibliography, http://dblp.org},
  biburl    = {http://dblp.uni-trier.de/rec/bib/conf/iscas/GustafssonJ07},
  doi       = {10.1109/ISCAS.2007.378856},
  timestamp = {Fri, 20 May 2016 09:41:11 +0200},
  url       = {http://dx.doi.org/10.1109/ISCAS.2007.378856},
}

@InProceedings{GustafssonOlofsson2007,
  author    = {Oscar Gustafsson and Mikael Olofsson},
  title     = {Complexity Reduction of Constant Matrix Computations over the Binary Field},
  booktitle = {Arithmetic of Finite Fields, First International Workshop, {WAIFI} 2007, Madrid, Spain, June 21-22, 2007, Proceedings},
  year      = {2007},
  editor    = {Claude Carlet and Berk Sunar},
  volume    = {4547},
  series    = {Lecture Notes in Computer Science},
  pages     = {103--115},
  publisher = {Springer},
  bibsource = {dblp computer science bibliography, http://dblp.org},
  biburl    = {http://dblp.uni-trier.de/rec/bib/conf/waifi/GustafssonO07},
  doi       = {10.1007/978-3-540-73074-3_9},
  timestamp = {Tue, 02 Oct 2007 09:38:31 +0200},
  url       = {http://dx.doi.org/10.1007/978-3-540-73074-3_9},
}

@Article{Gustafsson2007a,
  author    = {Oscar Gustafsson},
  title     = {Lower Bounds for Constant Multiplication Problems},
  journal   = {{IEEE} Trans. on Circuits and Systems},
  year      = {2007},
  volume    = {54-II},
  number    = {11},
  pages     = {974--978},
  bibsource = {dblp computer science bibliography, http://dblp.org},
  biburl    = {http://dblp.uni-trier.de/rec/bib/journals/tcas/Gustafsson07},
  doi       = {10.1109/TCSII.2007.903212},
  timestamp = {Fri, 25 Oct 2013 01:00:00 +0200},
  url       = {http://dx.doi.org/10.1109/TCSII.2007.903212},
}

@InProceedings{GustafssonOskuiiJohanssonEtAl2007,
  author    = {Oscar Gustafsson and Saeeid Tahmasbi Oskuii and Kenny Johansson and Per Gunnar Kjeldsberg},
  title     = {Switching Activity Reduction of MAC-Based {FIR} Filters with Correlated Input Data},
  booktitle = {Integrated Circuit and System Design. Power and Timing Modeling, Optimization and Simulation, 17th International Workshop, {PATMOS} 2007, Gothenburg, Sweden, September 3-5, 2007, Proceedings},
  year      = {2007},
  editor    = {Nadine Az{\'{e}}mard and Lars J. Svensson},
  volume    = {4644},
  series    = {Lecture Notes in Computer Science},
  pages     = {526--535},
  publisher = {Springer},
  bibsource = {dblp computer science bibliography, http://dblp.org},
  biburl    = {http://dblp.uni-trier.de/rec/bib/conf/patmos/GustafssonOJK07},
  doi       = {10.1007/978-3-540-74442-9_51},
  timestamp = {Thu, 23 Aug 2007 14:55:51 +0200},
  url       = {http://dx.doi.org/10.1007/978-3-540-74442-9_51},
}

@InProceedings{OskuiiKjeldsbergGustafsson2007,
  author    = {Saeeid Tahmasbi Oskuii and Per Gunnar Kjeldsberg and Oscar Gustafsson},
  title     = {Transition-activity aware design of reduction-stages for parallel multipliers},
  booktitle = {Proceedings of the 17th {ACM} Great Lakes Symposium on {VLSI} 2007, Stresa, Lago Maggiore, Italy, March 11-13, 2007},
  year      = {2007},
  editor    = {Hai Zhou and Enrico Macii and Zhiyuan Yan and Yehia Massoud},
  pages     = {120--125},
  publisher = {{ACM}},
  bibsource = {dblp computer science bibliography, http://dblp.org},
  biburl    = {http://dblp.uni-trier.de/rec/bib/conf/glvlsi/OskuiiKG07},
  doi       = {10.1145/1228784.1228817},
  timestamp = {Mon, 29 Sep 2014 17:13:50 +0200},
  url       = {http://doi.acm.org/10.1145/1228784.1228817},
}

@InProceedings{JohanssonGustafssonJohanssonEtAl2006,
  author    = {H{\aa}kan Johansson and Oscar Gustafsson and J. Johansson and Lars Wanhammar},
  title     = {Adjustable Fractional-Delay {FIR} Filters Using the Farrow Structure and Multirate Techniques},
  booktitle = {{IEEE} Asia Pacific Conference on Circuits and Systems 2006, {APCCAS} 2006, Singapore, 4-7 December 2006},
  year      = {2006},
  pages     = {1055--1058},
  publisher = {{IEEE}},
  bibsource = {dblp computer science bibliography, http://dblp.org},
  biburl    = {http://dblp.uni-trier.de/rec/bib/conf/apccas/JohanssonGJW06},
  doi       = {10.1109/APCCAS.2006.342270},
  timestamp = {Fri, 08 May 2015 15:30:14 +0200},
  url       = {http://dx.doi.org/10.1109/APCCAS.2006.342270},
}

@InProceedings{JohanssonGustafssonWanhammar2006,
  author    = {Kenny Johansson and Oscar Gustafsson and Lars Wanhammar},
  title     = {Approximation of elementary functions using a weighted sum of bit-products},
  booktitle = {International Symposium on Circuits and Systems {(ISCAS} 2006), 21-24 May 2006, Island of Kos, Greece},
  year      = {2006},
  publisher = {{IEEE}},
  bibsource = {dblp computer science bibliography, http://dblp.org},
  biburl    = {http://dblp.uni-trier.de/rec/bib/conf/iscas/JohanssonGW06},
  doi       = {10.1109/ISCAS.2006.1692705},
  timestamp = {Fri, 20 May 2016 09:41:50 +0200},
  url       = {http://dx.doi.org/10.1109/ISCAS.2006.1692705},
}

@InProceedings{BackeniusSallGustafsson2006,
  author    = {Erik Backenius and Erik Sall and Oscar Gustafsson},
  title     = {Bidirectional conversion to minimum signed-digit representation},
  booktitle = {International Symposium on Circuits and Systems {(ISCAS} 2006), 21-24 May 2006, Island of Kos, Greece},
  year      = {2006},
  publisher = {{IEEE}},
  bibsource = {dblp computer science bibliography, http://dblp.org},
  biburl    = {http://dblp.uni-trier.de/rec/bib/conf/iscas/BackeniusSG06},
  doi       = {10.1109/ISCAS.2006.1693109},
  timestamp = {Fri, 20 May 2016 09:41:50 +0200},
  url       = {http://dx.doi.org/10.1109/ISCAS.2006.1693109},
}

@InProceedings{GustafssonJohanssonJohanssonEtAl2006,
  author    = {Oscar Gustafsson and Kenny Johansson and H{\aa}kan Johansson and Lars Wanhammar},
  title     = {Implementation of Polyphase Decomposed {FIR} Filters for Interpolation and Decimation Using Multiple Constant Multiplication Techniques},
  booktitle = {{IEEE} Asia Pacific Conference on Circuits and Systems 2006, {APCCAS} 2006, Singapore, 4-7 December 2006},
  year      = {2006},
  pages     = {924--927},
  publisher = {{IEEE}},
  bibsource = {dblp computer science bibliography, http://dblp.org},
  biburl    = {http://dblp.uni-trier.de/rec/bib/conf/apccas/GustafssonJJW06},
  doi       = {10.1109/APCCAS.2006.342212},
  timestamp = {Fri, 08 May 2015 15:30:14 +0200},
  url       = {http://dx.doi.org/10.1109/APCCAS.2006.342212},
}

@InProceedings{GustafssonOhlsson2005,
  author    = {Oscar Gustafsson and Henrik Ohlsson},
  title     = {A low power decimation filter architecture for high-speed single-bit sigma-delta modulation},
  booktitle = {International Symposium on Circuits and Systems {(ISCAS} 2005), 23-26 May 2005, Kobe, Japan},
  year      = {2005},
  pages     = {1453--1456},
  publisher = {{IEEE}},
  bibsource = {dblp computer science bibliography, http://dblp.org},
  biburl    = {http://dblp.uni-trier.de/rec/bib/conf/iscas/GustafssonO05},
  doi       = {10.1109/ISCAS.2005.1464872},
  timestamp = {Fri, 20 May 2016 09:46:35 +0200},
  url       = {http://dx.doi.org/10.1109/ISCAS.2005.1464872},
}

@InProceedings{JohanssonGustafssonWanhammar2005,
  author    = {Kenny Johansson and Oscar Gustafsson and Lars Wanhammar},
  title     = {Implementation of low-complexity {FIR} filters using serial arithmetic},
  booktitle = {International Symposium on Circuits and Systems {(ISCAS} 2005), 23-26 May 2005, Kobe, Japan},
  year      = {2005},
  pages     = {1449--1452},
  publisher = {{IEEE}},
  bibsource = {dblp computer science bibliography, http://dblp.org},
  biburl    = {http://dblp.uni-trier.de/rec/bib/conf/iscas/JohanssonGW05},
  doi       = {10.1109/ISCAS.2005.1464871},
  timestamp = {Fri, 20 May 2016 09:46:35 +0200},
  url       = {http://dx.doi.org/10.1109/ISCAS.2005.1464871},
}

@Article{JohanssonGustafsson2005,
  author    = {H{\aa}kan Johansson and Oscar Gustafsson},
  title     = {Linear-phase {FIR} interpolation, decimation, and mth-band filters utilizing the farrow structure},
  journal   = {{IEEE} Trans. on Circuits and Systems},
  year      = {2005},
  volume    = {52-I},
  number    = {10},
  pages     = {2197--2207},
  bibsource = {dblp computer science bibliography, http://dblp.org},
  biburl    = {http://dblp.uni-trier.de/rec/bib/journals/tcas/JohanssonG05},
  doi       = {10.1109/TCSI.2005.853264},
  timestamp = {Mon, 13 Apr 2015 01:00:00 +0200},
  url       = {http://dx.doi.org/10.1109/TCSI.2005.853264},
}

@InProceedings{OhlssonGustafssonWanhammar2004,
  author    = {Henrik Ohlsson and Oscar Gustafsson and Lars Wanhammar},
  title     = {A shifted permuted difference coefficient method},
  booktitle = {Proceedings of the 2004 International Symposium on Circuits and Systems, {ISCAS} 2004, Vancouver, BC, Canada, May 23-26, 2004},
  year      = {2004},
  pages     = {161--164},
  publisher = {{IEEE}},
  bibsource = {dblp computer science bibliography, http://dblp.org},
  biburl    = {http://dblp.uni-trier.de/rec/bib/conf/iscas/OhlssonGW04},
  doi       = {10.1109/ISCAS.2004.1328708},
  timestamp = {Fri, 20 May 2016 09:53:46 +0200},
  url       = {http://dx.doi.org/10.1109/ISCAS.2004.1328708},
}

@InProceedings{JohanssonGustafssonWanhammar2004,
  author    = {Kenny Johansson and Oscar Gustafsson and Lars Wanhammar},
  title     = {Low-complexity bit-serial constant-coefficient multipliers},
  booktitle = {Proceedings of the 2004 International Symposium on Circuits and Systems, {ISCAS} 2004, Vancouver, BC, Canada, May 23-26, 2004},
  year      = {2004},
  pages     = {649--652},
  publisher = {{IEEE}},
  bibsource = {dblp computer science bibliography, http://dblp.org},
  biburl    = {http://dblp.uni-trier.de/rec/bib/conf/iscas/JohanssonGW04},
  doi       = {10.1109/ISCAS.2004.1328830},
  timestamp = {Fri, 20 May 2016 09:53:46 +0200},
  url       = {http://dx.doi.org/10.1109/ISCAS.2004.1328830},
}

@InProceedings{JohanssonGustafsson2004,
  author    = {H{\aa}kan Johansson and Oscar Gustafsson},
  title     = {Mth-band linear-phase {FIR} filter interpolators and decimators utilizing the Farrow structure},
  booktitle = {Proceedings of the 2004 International Symposium on Circuits and Systems, {ISCAS} 2004, Vancouver, BC, Canada, May 23-26, 2004},
  year      = {2004},
  pages     = {129--132},
  publisher = {{IEEE}},
  bibsource = {dblp computer science bibliography, http://dblp.org},
  biburl    = {http://dblp.uni-trier.de/rec/bib/conf/iscas/JohanssonG04},
  doi       = {10.1109/ISCAS.2004.1328700},
  timestamp = {Fri, 20 May 2016 09:53:46 +0200},
  url       = {http://dx.doi.org/10.1109/ISCAS.2004.1328700},
}

@InProceedings{GustafssonDempsterWanhammar2004,
  author    = {Oscar Gustafsson and Andrew G. Dempster and Lars Wanhammar},
  title     = {Multiplier blocks using carry-save adders},
  booktitle = {Proceedings of the 2004 International Symposium on Circuits and Systems, {ISCAS} 2004, Vancouver, BC, Canada, May 23-26, 2004},
  year      = {2004},
  pages     = {473--476},
  publisher = {{IEEE}},
  bibsource = {dblp computer science bibliography, http://dblp.org},
  biburl    = {http://dblp.uni-trier.de/rec/bib/conf/iscas/GustafssonDW04},
  timestamp = {Fri, 20 May 2016 09:53:46 +0200},
}

@InProceedings{JohanssonGustafssonWanhammar2004a,
  author    = {Kenny Johansson and Oscar Gustafsson and Lars Wanhammar},
  title     = {Power Estimation for Ripple-Carry Adders with Correlated Input Data},
  booktitle = {Integrated Circuit and System Design, Power and Timing Modeling, Optimization and Simulation; 14th International Workshop, {PATMOS} 2004, Santorini, Greece, September 15-17, 2004, Proceedings},
  year      = {2004},
  editor    = {Enrico Macii and Odysseas G. Koufopavlou and Vassilis Paliouras},
  volume    = {3254},
  series    = {Lecture Notes in Computer Science},
  pages     = {662--674},
  publisher = {Springer},
  bibsource = {dblp computer science bibliography, http://dblp.org},
  biburl    = {http://dblp.uni-trier.de/rec/bib/conf/patmos/JohanssonGW04},
  doi       = {10.1007/978-3-540-30205-6_68},
  timestamp = {Wed, 10 Aug 2011 01:00:00 +0200},
  url       = {http://dx.doi.org/10.1007/978-3-540-30205-6_68},
}

@InProceedings{JohanssonGustafssonWanhammar2004b,
  author    = {Kenny Johansson and Oscar Gustafsson and Lars Wanhammar},
  title     = {Switching activity in bit-serial constant-coefficient multipliers},
  booktitle = {Proceedings of the 2004 International Symposium on Circuits and Systems, {ISCAS} 2004, Vancouver, BC, Canada, May 23-26, 2004},
  year      = {2004},
  pages     = {469--472},
  publisher = {{IEEE}},
  bibsource = {dblp computer science bibliography, http://dblp.org},
  biburl    = {http://dblp.uni-trier.de/rec/bib/conf/iscas/JohanssonGW04a},
  timestamp = {Fri, 20 May 2016 09:53:46 +0200},
}

@Article{GustafssonJohanssonWanhammar2003,
  author    = {Oscar Gustafsson and H{\aa}kan Johansson and Lars Wanhammar},
  title     = {Single Filter Frequency-Response Masking Fir Filters},
  journal   = {Journal of Circuits, Systems, and Computers},
  year      = {2003},
  volume    = {12},
  number    = {5},
  pages     = {601--630},
  bibsource = {dblp computer science bibliography, http://dblp.org},
  biburl    = {http://dblp.uni-trier.de/rec/bib/journals/jcsc/GustafssonJW03},
  doi       = {10.1142/S0218126603001094},
  timestamp = {Fri, 08 Apr 2005 01:00:00 +0200},
  url       = {http://dx.doi.org/10.1142/S0218126603001094},
}

@InProceedings{GustafssonDempsterWanhammar2002,
  author    = {Oscar Gustafsson and Andrew G. Dempster and Lars Wanhammar},
  title     = {Extended results for minimum-adder constant integer multipliers},
  booktitle = {Proceedings of the 2002 International Symposium on Circuits and Systems, {ISCAS} 2002, Scottsdale, Arizona, USA, May 26-29, 2002},
  year      = {2002},
  pages     = {73--76},
  publisher = {{IEEE}},
  bibsource = {dblp computer science bibliography, http://dblp.org},
  biburl    = {http://dblp.uni-trier.de/rec/bib/conf/iscas/GustafssonDW02},
  doi       = {10.1109/ISCAS.2002.1009780},
  timestamp = {Fri, 20 May 2016 10:09:31 +0200},
  url       = {http://dx.doi.org/10.1109/ISCAS.2002.1009780},
}

@InProceedings{OhlssonGustafssonWanhammar2001,
  author    = {Henrik Ohlsson and Oscar Gustafsson and Lars Wanhammar},
  title     = {Arithmetic transformations for increased maximal sample rate of bit-parallel bireciprocal lattice wave digital filters},
  booktitle = {Proceedings of the 2001 International Symposium on Circuits and Systems, {ISCAS} 2001, Sydney, Australia, May 6-9, 2001},
  year      = {2001},
  pages     = {825--828},
  publisher = {{IEEE}},
  bibsource = {dblp computer science bibliography, http://dblp.org},
  biburl    = {http://dblp.uni-trier.de/rec/bib/conf/iscas/OhlssonGW01},
  doi       = {10.1109/ISCAS.2001.921198},
  timestamp = {Fri, 20 May 2016 10:15:21 +0200},
  url       = {http://dx.doi.org/10.1109/ISCAS.2001.921198},
}

@InProceedings{GustafssonOhlssonWanhammar2001,
  author    = {Oscar Gustafsson and Henrik Ohlsson and Lars Wanhammar},
  title     = {Minimum-adder integer multipliers using carry-save adders},
  booktitle = {Proceedings of the 2001 International Symposium on Circuits and Systems, {ISCAS} 2001, Sydney, Australia, May 6-9, 2001},
  year      = {2001},
  pages     = {709--712},
  publisher = {{IEEE}},
  bibsource = {dblp computer science bibliography, http://dblp.org},
  biburl    = {http://dblp.uni-trier.de/rec/bib/conf/iscas/GustafssonOW01},
  doi       = {10.1109/ISCAS.2001.921169},
  timestamp = {Fri, 20 May 2016 10:15:21 +0200},
  url       = {http://dx.doi.org/10.1109/ISCAS.2001.921169},
}

@InProceedings{GustafssonJohanssonWanhammar2001,
  author    = {Oscar Gustafsson and H{\aa}kan Johansson and Lars Wanhammar},
  title     = {Narrow-band and wide-band high-speed recursive digital filters using single filter frequency masking techniques},
  booktitle = {Proceedings of the Sixth International Symposium on Signal Processing and its Applications, {ISSPA} 2001, August 13-16 2001, Shmgri-La Hotel, Kuala Lumpur, Malaysia},
  year      = {2001},
  pages     = {36--39},
  publisher = {{IEEE}},
  bibsource = {dblp computer science bibliography, http://dblp.org},
  biburl    = {http://dblp.uni-trier.de/rec/bib/conf/isspa/GustafssonJW01},
  doi       = {10.1109/ISSPA.2001.949769},
  timestamp = {Wed, 08 Jan 2014 08:33:42 +0100},
  url       = {http://dx.doi.org/10.1109/ISSPA.2001.949769},
}

@InProceedings{GustafssonJohanssonWanhammar2001a,
  author    = {Oscar Gustafsson and H{\aa}kan Johansson and Lars Wanhammar},
  title     = {Narrow-band and wide-band single filter frequency masking {FIR} filters},
  booktitle = {Proceedings of the 2001 International Symposium on Circuits and Systems, {ISCAS} 2001, Sydney, Australia, May 6-9, 2001},
  year      = {2001},
  pages     = {181--184},
  publisher = {{IEEE}},
  bibsource = {dblp computer science bibliography, http://dblp.org},
  biburl    = {http://dblp.uni-trier.de/rec/bib/conf/iscas/GustafssonJW01},
  doi       = {10.1109/ISCAS.2001.921037},
  timestamp = {Fri, 20 May 2016 10:15:21 +0200},
  url       = {http://dx.doi.org/10.1109/ISCAS.2001.921037},
}

@InProceedings{GustafssonJohanssonWanhammar2000,
  author    = {Oscar Gustafsson and H{\aa}kan Johansson and Lars Wanhammar},
  title     = {Design and efficient implementation of narrow-band single filter frequency masking {FIR} filters},
  booktitle = {10th European Signal Processing Conference, {EUSIPCO} 2000, Tampere, Finland, September 4-8, 2000},
  year      = {2000},
  pages     = {1--4},
  publisher = {{IEEE}},
  bibsource = {dblp computer science bibliography, http://dblp.org},
  biburl    = {http://dblp.uni-trier.de/rec/bib/conf/eusipco/GustafssonJW00},
  timestamp = {Fri, 06 May 2016 11:05:57 +0200},
  url       = {https://ieeexplore.ieee.org/xpl/freeabs_all.jsp?arnumber=7075430},
}

@InProceedings{GustafssonWanhammar1999,
  author    = {Oscar Gustafsson and Lars Wanhammar},
  title     = {Implementation of maximally fast ladder wave digital filters using a numerically equivalent state-space representation},
  booktitle = {Proceedings of the 1999 International Symposium on Circuits and Systems, {ISCAS} 1999, Orlando, Florida, USA, May 30 - June 2, 1999},
  year      = {1999},
  pages     = {419--422},
  publisher = {{IEEE}},
  bibsource = {dblp computer science bibliography, http://dblp.org},
  biburl    = {http://dblp.uni-trier.de/rec/bib/conf/iscas/GustafssonW99},
  doi       = {10.1109/ISCAS.1999.778874},
  timestamp = {Fri, 20 May 2016 10:19:45 +0200},
  url       = {http://dx.doi.org/10.1109/ISCAS.1999.778874},
}

@InProceedings{GeigerHarrerLenhardEtAl2016,
  author    = {Matthias Geiger and Simon Harrer and J\"org Lenhard and Guido Wirtz},
  title     = {{On the Evolution of BPMN 2.0 Support and Implementation}},
  booktitle = {10th International IEEE Symposium on Service-Oriented System Engineering (SOSE)},
  year      = {2016},
  pages     = {120--128},
  address   = {Oxford, UK},
  month     = {March/April},
  doi       = {10.1109/sose.2016.39},
  file      = {:geiger2016evolution.pdf:PDF},
  keywords  = {rank4},
}

@InProceedings{GeigerHarrerLenhard2016,
  author    = {Matthias Geiger and Simon Harrer and J\"org Lenhard},
  title     = {{P}rocess {E}ngine {B}enchmarking with {B}etsy -- {C}urrent {S}tatus and {F}uture {D}irections},
  booktitle = {Proceedings of the 8th Central-European Workshop on Services and their Composition (ZEUS), January 27-28, Vienna, Austria},
  year      = {2016},
  pages     = {37--44},
  month     = {jan},
  file      = {:Geiger2016ProcessEngineBenchmarking.pdf:PDF},
}

@InProceedings{NikolTraegerHarrerEtAl2016,
  author = {Gabriel Nikol and Michael Tr\"ager and Simon Harrer and Guido Wirtz},
  title  = {{Service-oriented Multi-tenancy (SO-MT): Enabling Multi-tenancy for Existing Service Composition Engines with Docker}},
  year   = {2016},
  doi    = {10.1109/sose.2016.40},
  file   = {:Nikol2016.pdf:PDF},
}

@InProceedings{GeigerHarrerLenhardEtAl2015,
  author       = {Matthias Geiger and Simon Harrer and J{\"{o}}rg Lenhard and Mathias Casar and Andreas Vorndran and Guido Wirtz},
  title        = {{BPMN Conformance in Open Source Engines}},
  booktitle    = {{Proceedings of the 9\textsuperscript{th} IEEE International Symposium on Service-Oriented System Engineering (SOSE)}},
  year         = {2015},
  address      = {San Francisco Bay, CA, USA},
  month        = mar,
  organization = {IEEE},
  publisher    = {Institute of Electrical {\&} Electronics Engineers ({IEEE})},
  doi          = {10.1109/SOSE.2015.22},
  file         = {:Geiger2015BPMNConformanceIn.pdf:PDF},
}

@InProceedings{HarrerGeigerPreisingerEtAl2015,
  author       = {Simon Harrer and Matthias Geiger and Christian R. Prei{\ss}inger and David Bimamisa and Stephan J.A. Schuberth and Guido Wirtz},
  title        = {{Improving the Static Analysis Conformance of BPEL Engines with BPELlint}},
  booktitle    = {{Proceedings of the 9\textsuperscript{th} IEEE International Symposium on Service-Oriented System Engineering (SOSE)}},
  year         = {2015},
  address      = {San Francisco Bay, CA, USA},
  month        = mar,
  organization = {IEEE},
  publisher    = {Institute of Electrical {\&} Electronics Engineers ({IEEE})},
  doi          = {10.1109/SOSE.2015.21},
  file         = {:Harrer2015ImprovingStaticAnalysis.pdf:PDF},
  keywords     = {rank5},
}

@InProceedings{HarrerRoeckWirtz2014,
  author    = {Simon Harrer and Cedric R\"ock and Guido Wirtz},
  title     = {{Automated and Isolated Tests for Complex Middleware Products: The Case of BPEL Engines}},
  booktitle = {Proceedings of the 7\textsuperscript{th} IEEE International Conference on Software Testing, Verification and Validation Workshops (ICSTW'14)},
  year      = {2014},
  pages     = {390--398},
  address   = {Cleveland, Ohio, USA},
  month     = apr,
  note      = {Testing Tools Track},
  doi       = {10.1109/ICSTW.2014.45},
  file      = {:Harrer2014AutomatedandIsolated.pdf:PDF},
  keywords  = {rank2},
}

@InProceedings{HarrerPreisingerWirtz2014,
  author       = {Simon Harrer and Christian Prei{\ss}inger and Guido Wirtz},
  title        = {{BPEL Conformance in Open Source Engines: The Case of Static Analysis}},
  booktitle    = {Proceedings of the 7\textsuperscript{th} {IEEE} International Conference on Service-Oriented Computing and Applications {(SOCA'14)}},
  year         = {2014},
  pages        = {33--40},
  address      = {Matsue, Japan},
  month        = nov,
  organization = {IEEE},
  doi          = {10.1109/SOCA.2014.49},
  file         = {:Harrer2014BPELConformancein.pdf:PDF},
}

@InProceedings{RoeckHarrerWirtz2014,
  author    = {Cedric R\"ock and Simon Harrer and Guido Wirtz},
  title     = {{Performance Benchmarking of BPEL Engines: A Comparison Framework, Status Quo Evaluation and Challenges}},
  booktitle = {Proceedings of the 26\textsuperscript{th} International Conference on Software Engineering and Knowledge Engineering (SEKE'14)},
  year      = {2014},
  pages     = {31--34},
  address   = {Vancouver, Canada},
  month     = jul,
  file      = {:Roeck2014PerformanceBenchmarkingBPEL.pdf:PDF},
}

@InCollection{Harrer2014,
  author    = {Harrer, Simon},
  title     = {{Process Engine Selection Support}},
  booktitle = {On the Move to Meaningful Internet Systems: {OTM} 2014 Workshops},
  publisher = {Springer Berlin Heidelberg},
  year      = {2014},
  volume    = {8842},
  series    = {Lecture Notes in Computer Science},
  pages     = {18--22},
  month     = oct,
  doi       = {10.1007/978-3-662-45550-0_3},
  file      = {:Harrer2014ProcessEngineSelection.pdf:PDF},
  keywords  = {BPMS selection, evaluation},
}

@TechReport{PreisingerHarrer2014,
  author      = {Christian Roland Prei{\ss}inger and Simon Harrer},
  title       = {{Static Analysis Rules of the BPEL Specification: Tagging, Formalization and Tests}},
  institution = {Otto-Friedrich Universit\"at Bamberg},
  year        = {2014},
  type        = {Bamberger Beitr\"age zur Wirtschaftsinformatik und Angewandten Informatik},
  number      = {no. 99},
  month       = aug,
  file        = {:Preissinger2014StaticAnalysisRules.pdf:PDF},
}

@TechReport{RoeckHarrer2014,
  author      = {Cedric R\"ock and Simon Harrer},
  title       = {{Testing BPEL Engine Performance: A Survey}},
  institution = {Otto-Friedrich Universit\"at Bamberg},
  year        = {2014},
  type        = {Bamberger Beitr\"age zur Wirtschaftsinformatik und Angewandten Informatik},
  number      = {no. 93},
  month       = may,
  file        = {:Roeck2014TestingBPELEngine.pdf:PDF},
}

@InProceedings{HarrerNizamicWirtzEtAl2014,
  author       = {Simon Harrer and Faris Nizamic and Guido Wirtz and Alexander Lazovik},
  title        = {{Towards a Robustness Evaluation Framework for BPEL Engines}},
  booktitle    = {Proceedings of the 7\textsuperscript{th} {IEEE} International Conference on Service-Oriented Computing and Applications {(SOCA'14)}},
  year         = {2014},
  pages        = {199--206},
  address      = {Matsue, Japan},
  month        = nov,
  organization = {IEEE},
  doi          = {10.1109/SOCA.2014.40},
  file         = {:Harrer2014TowardsRobustnessEvaluation.pdf:PDF},
}

@InProceedings{KolbWirtz2014,
  author       = {Stefan Kolb and Guido Wirtz},
  title        = {{Towards Application Portability in Platform as a Service}},
  booktitle    = {{Proceedings of the 8\textsuperscript{th} IEEE International Symposium on Service-Oriented System Engineering (SOSE)}},
  year         = {2014},
  address      = {Oxford, United Kingdom},
  month        = apr,
  organization = {IEEE},
  file         = {:Kolb2014TowardsApplicationPortability.pdf:PDF},
}

@InProceedings{PreisingerHarrerSchuberthEtAl2014,
  author    = {Prei{\ss}inger, Christian R and Harrer, Simon and Schuberth, Stephan JA and Bimamisa, David and Wirtz, Guido},
  title     = {{Towards Standard Conformant BPEL Engines: The Case of Static Analysis}},
  booktitle = {Proceedings of the 6\textsuperscript{th} Central-European Workshop on Services and their Composition (ZEUS'14)},
  year      = {2014},
  pages     = {60--63},
  address   = {Potsdam, Germany},
  month     = feb,
  file      = {:Preissinger2014BPELStaticAnalysisProposal.pdf:PDF},
}

@InProceedings{HarrerLenhardWirtzEtAl2014,
  author    = {Simon Harrer and J\"org Lenhard and Guido Wirtz and Tammo van Lessen},
  title     = {{Towards Uniform BPEL Engine Management in the Cloud}},
  booktitle = {Proceedings des CloudCycle14 Workshops auf der 44. Jahrestagung der Gesellschaft f\"ur Informatik e.V. (GI)},
  year      = {2014},
  series    = {LNI},
  month     = sep,
  publisher = {Gesellschaft f\"ur Informatik e.V. (GI)},
  file      = {:Harrer2014TowardsUniformBPEL.pdf:PDF},
}

@TechReport{Geiger2013,
  author      = {Matthias Geiger},
  title       = {{BPMN 2.0 Process Model Serialization Constraints}},
  institution = {Otto-Friedrich Universit\"at Bamberg},
  year        = {2013},
  type        = {Bamberger Beitr\"age zur Wirtschaftsinformatik und Angewandten Informatik,},
  number      = {no. 92},
  month       = {May},
  file        = {:Geiger2013BPMN20Process.pdf:PDF},
}

@InProceedings{GeigerWirtz2013,
  author    = {Matthias Geiger and Guido Wirtz},
  title     = {{BPMN 2.0 Serialization - Standard Compliance Issues and Evaluation of Modeling Tools}},
  booktitle = {5\textsuperscript{th} International Workshop on Enterprise Modelling and Information Systems Architectures},
  year      = {2013},
  address   = {St. Gallen, Switzerland},
  month     = sep,
  file      = {:Geiger2013BPMN20Serialization.pdf:PDF},
}

@InProceedings{GeigerWirtz2013a,
  author    = {Matthias Geiger and Guido Wirtz},
  title     = {{Detecting Interoperability and Correctness Issues in BPMN 2.0 Process Models}},
  booktitle = {ZEUS, Rostock, Germany, February 21-22, 2013},
  year      = {2013},
  series    = {CEUR Workshop Proceedings},
  pages     = {39--42},
  month     = feb,
  publisher = {CEUR-WS.org},
  file      = {:Geiger2013DetectingInteroperabilityand.pdf:PDF},
}

@InProceedings{LenhardWirtz2013,
  author    = {J\"org Lenhard and Guido Wirtz},
  title     = {{Detecting Portability Issues in Model-Driven BPEL Mappings}},
  booktitle = {SEKE},
  year      = {2013},
  address   = {Boston, Massachusetts, USA},
  month     = jun,
  file      = {:Lenhard2013DetectingPortabilityIssues.pdf:PDF},
}

@InProceedings{LenhardHarrerWirtz2013,
  author       = {J{\"{o}}rg Lenhard and Simon Harrer and Guido Wirtz},
  title        = {{Measuring the Installability of Service Orchestrations Using the SQuaRE Method}},
  booktitle    = {{Proceedings of the 6\textsuperscript{th} IEEE International Conference on Service-Oriented Computing and Applications (SOCA'13)}},
  year         = {2013},
  address      = {Kauai, Hawaii, USA},
  month        = dec,
  organization = {IEEE},
  doi          = {10.1109/SOCA.2013.30},
  file         = {:Lenhard2013MeasuringInstallabilityService.pdf:PDF},
}

@InProceedings{LenhardWirtz2013a,
  author    = {J\"org Lenhard and Guido Wirtz},
  title     = {{Measuring the Portability of Executable Service-Oriented Processes}},
  booktitle = {Proceedings of the 17\textsuperscript{th} IEEE International EDOC Conference},
  year      = {2013},
  pages     = {117--126},
  address   = {Vancouver, Canada},
  month     = sep,
  publisher = {IEEE},
  file      = {:Lenhard2013MeasuringPortabilityof.pdf:PDF},
}

@InProceedings{HarrerLenhardWirtz2013,
  author    = {Simon Harrer and J\"org Lenhard and Guido Wirtz},
  title     = {{Open Source versus Proprietary Software in Service-Orientation: The Case of BPEL Engines}},
  booktitle = {Proceedings of the 11\textsuperscript{th} International Conference on Service-Oriented Computing {(ICSOC'13)}},
  year      = {2013},
  volume    = {8274},
  series    = {Lecture Notes in Computer Science},
  pages     = {99--113},
  address   = {Berlin, Germany},
  month     = dec,
  publisher = {Springer Berlin Heidelberg},
  doi       = {10.1007/978-3-642-45005-1_8},
  file      = {:Harrer2013OpenSourceversus.pdf:PDF},
}

@TechReport{HarrerLenhard2012,
  author      = {Harrer, Simon and Lenhard, J\"org},
  title       = {{Betsy--A BPEL Engine Test System}},
  institution = {Otto-Friedrich Universit\"at Bamberg},
  year        = {2012},
  number      = {90},
  month       = jul,
  file        = {:Harrer2012BetsyBPELEngine.pdf:PDF},
}

@InProceedings{HarrerLenhardWirtz2012,
  author       = {Simon Harrer and J\"org Lenhard and Guido Wirtz},
  title        = {{BPEL Conformance in Open Source Engines}},
  booktitle    = {Proceedings of the 5\textsuperscript{th} {IEEE} International Conference on Service-Oriented Computing and Applications {(SOCA'12)}, Taipei, Taiwan},
  year         = {2012},
  pages        = {237--244},
  month        = dec,
  organization = {IEEE},
  publisher    = {Institute of Electrical {\&} Electronics Engineers ({IEEE})},
  doi          = {10.1109/SOCA.2012.6449467},
  file         = {:Harrer2012BPELconformancein.pdf:PDF},
}

@InProceedings{KolbLenhardWirtz2012,
  author       = {Stefan Kolb and J\"org Lenhard and Guido Wirtz},
  title        = {{Bridging the Heterogeneity of Orchestrations - A Petri Net-based Integration of BPEL and Windows Workflow}},
  booktitle    = {Proceedings of the 5\textsuperscript{th} {IEEE} International Conference on Service-Oriented Computing and Applications {(SOCA'12)}, Taipei, Taiwan},
  year         = {2012},
  pages        = {1--8},
  month        = dec,
  organization = {IEEE},
  file         = {:Kolb2012BridgingHeterogeneityOrchestrations.pdf:PDF},
}

@Article{SchoenbergerSchwalbWirtz2012,
  author  = {Andreas Sch\"onberger and Johannes Schwalb and Guido Wirtz},
  title   = {{Interoperability and Functionality of WS-* Implementations}},
  journal = {International Journal of Web Services Research},
  year    = {2012},
  volume  = {9},
  number  = {3},
  pages   = {1--22},
}

@TechReport{Lenhard2011,
  author      = {J\"org Lenhard},
  title       = {{A Pattern-based Analysis of WS-BPEL and Windows Workflow}},
  institution = {Otto-Friedrich Universit\"at Bamberg},
  year        = {2011},
  type        = {Bamberger Beitr\"age zur Wirtschaftsinformatik und Angewandten Informatik,},
  number      = {no. 88},
  month       = mar,
}

@InProceedings{GeigerSchoenbergerWirtz2011,
  author    = {Matthias Geiger and Andreas Sch\"onberger and Guido Wirtz},
  title     = {{A} {P}roposal for {C}hecking the {C}onformance of eb{BP}-{ST} {C}horeographies and {WS}-{BPEL} {O}rchestrations},
  booktitle = {Proceedings of the 3rd Central-European Workshop on Services and their Composition (ZEUS), Karlsruhe, Germany, February 21-22, 2011},
  year      = {2011},
  series    = {CEUR Workshop Proceedings},
  pages     = {24--25},
  month     = {Feb},
  publisher = {CEUR-WS.org},
  file      = {:Geiger2011ProposalCheckingConformance.pdf:PDF},
}

@InProceedings{LenhardSchoenbergerWirtz2011,
  author    = {J\"org Lenhard and Andreas Sch\"onberger and Guido Wirtz},
  title     = {{Edit Distance-Based Pattern Support Assessment of Orchestration Languages}},
  booktitle = {On the Move 2011 Confederated International Conferences: CoopIS, IS, DOA and ODBASE,},
  year      = {2011},
  address   = {Hersonissos},
  file      = {:Lenhard2011EditDistanceBased.pdf:PDF},
}

@InProceedings{SchoenbergerSchwalbWirtz2011,
  author       = {Andreas Sch\"onberger and Johannes Schwalb and Guido Wirtz},
  title        = {{Has {WS-I}'s Work Resulted in {WS-*} Interoperability?}},
  booktitle    = {Proceedings of the 9\textsuperscript{th} International Conference on Web Services (ICWS 2011)},
  year         = {2011},
  address      = {Washington, D.C., USA},
  month        = jul,
  organization = {IEEE},
  file         = {:Schoenberger2011HasWSIs.pdf:PDF},
  keywords     = {Web Services Interoperability, Interoperability Testing, WS-Security, WS-ReliableMessaging},
}

@InProceedings{GeigerSchoenbergerWirtz2011a,
  author    = {Matthias Geiger and Andreas Sch\"onberger and Guido Wirtz},
  title     = {{Towards Automated Conformance Checking of {ebBP-ST} Choreographies and Corresponding {WS-BPEL} Based Orchestrations}},
  booktitle = {Conference on Software Engineering and Knowledge Engineering (SEKE), Miami, Florida, USA},
  year      = {2011},
  month     = {7.-9. July},
  publisher = {Knowledge Systems Institute},
  file      = {:Geiger2011TowardsAutomatedConformance.pdf:PDF},
}

@InProceedings{SchoenbergerWirtz2010,
  author       = {Andreas Sch\"onberger and Guido Wirtz},
  title        = {{Towards Executing ebBP-Reg B2Bi Choreographies}},
  booktitle    = {Proceedings of the 12\textsuperscript{th} IEEE Conference on Commerce and Enterprise Computing (CEC 2010), Shanghai, China},
  year         = {2010},
  month        = nov,
  organization = {IEEE},
}

@InProceedings{SchoenbergerBenkerFritzemeierEtAl2009,
  author       = {Andreas Sch\"onberger and Thomas Benker and Stefan Fritzemeier and Matthias Geiger and Simon Harrer and Tristan Kessner and Johannes Schwalb and Guido Wirtz},
  title        = {{QoS}-{E}nabled {B}usiness-to-{B}usiness {I}ntegration {U}sing {ebBP} to {WS-BPEL} {T}ranslations},
  booktitle    = {Proceedings of the IEEE SCC 2009 International Conference on Services Computing, Bangalore, India},
  year         = {2009},
  month        = {September},
  organization = {IEEE},
  doi          = {10.1109/scc.2009.56},
  keywords     = {B2Bi, ebXML BPSS, WS-BPEL, Quality of Service, NES, conformance},
}

@TechReport{BenkerFritzemeierGeigerEtAl2009,
  author      = {Thomas Benker and Stefan Fritzemeier and Matthias Geiger and Simon Harrer and Tristan Kessner and Johannes Schwalb and Andreas Schoenberger and Guido Wirtz},
  title       = {{QoS-Enabled B2B Integration}},
  institution = {Otto-Friedrich Universit\"at Bamberg},
  year        = {2009},
  type        = {Bamberger Beitr\"age zur Wirtschaftsinformatik und Angewandten Informatik},
  number      = {no. 80},
  month       = may,
  file        = {:Benker2009.pdf:PDF},
  series      = {Bamberger Beitr{\"a}ge zur Wirtschaftsinformatik und Angewandten Informatik},
}

@PhdThesis{Kopp2016,
  author    = {Oliver Kopp},
  title     = {Partner{\"{u}}bergreifende Gesch{\"{a}}ftsprozesse und ihre Realisierung in {BPEL}},
  school    = {University of Stuttgart},
  year      = {2016},
  bibsource = {dblp computer science bibliography, http://dblp.org},
  biburl    = {http://dblp.uni-trier.de/rec/bib/phd/de/Kopp16},
  timestamp = {Thu, 17 Mar 2016 00:00:00 +0100},
  url       = {http://nbn-resolving.de/urn:nbn:de:bsz:93-opus-105304},
}

@Article{WettingerBreitenbuecherKoppEtAl2016,
  author    = {Johannes Wettinger and Uwe Breitenb{\"{u}}cher and Oliver Kopp and Frank Leymann},
  title     = {Streamlining DevOps automation for Cloud applications using {TOSCA} as standardized metamodel},
  journal   = {Future Generation Comp. Syst.},
  year      = {2016},
  volume    = {56},
  pages     = {317--332},
  bibsource = {dblp computer science bibliography, http://dblp.org},
  biburl    = {http://dblp.uni-trier.de/rec/bib/journals/fgcs/WettingerBKL16},
  doi       = {10.1016/j.future.2015.07.017},
  keywords  = {rank4},
  timestamp = {Thu, 31 Mar 2016 01:00:00 +0200},
}

@InProceedings{KoppBinzBreitenbuecherEtAl2015,
  author    = {Oliver Kopp and Tobias Binz and Uwe Breitenb{\"{u}}cher and Frank Leymann and Thomas Michelbach},
  title     = {A Domain-Specific Modeling Tool to Model Management Plans for Composite Applications},
  booktitle = {Proceedings of the 7th Central European Workshop on Services and their Composition, {ZEUS} 2015, Jena, Germany, February 19-20, 2015.},
  year      = {2015},
  editor    = {Thomas S. Heinze and Thomas M. Prinz},
  volume    = {1360},
  series    = {{CEUR} Workshop Proceedings},
  pages     = {51--54},
  publisher = {CEUR-WS.org},
  bibsource = {dblp computer science bibliography, http://dblp.org},
  biburl    = {http://dblp.uni-trier.de/rec/bib/conf/zeus/KoppBBLM15},
  timestamp = {Mon, 30 May 2016 16:28:37 +0200},
  url       = {http://ceur-ws.org/Vol-1360/paper9.pdf},
}

@InProceedings{BreitenbuecherBinzKoppEtAl2015,
  author    = {Uwe Breitenb{\"{u}}cher and Tobias Binz and Oliver Kopp and Frank Leymann and Johannes Wettinger},
  title     = {A Modelling Concept to Integrate Declarative and Imperative Cloud Application Provisioning Technologies},
  booktitle = {{CLOSER} 2015 - Proceedings of the 5th International Conference on Cloud Computing and Services Science, Lisbon, Portugal, 20-22 May, 2015.},
  year      = {2015},
  editor    = {Markus Helfert and Donald Ferguson and V{\'{\i}}ctor M{\'{e}}ndez Mu{\~{n}}oz},
  pages     = {487--496},
  publisher = {SciTePress},
  bibsource = {dblp computer science bibliography, http://dblp.org},
  biburl    = {http://dblp.uni-trier.de/rec/bib/conf/closer/BreitenbucherBK15},
  doi       = {10.5220/0005495104870496},
  keywords  = {rank3},
  timestamp = {Tue, 04 Aug 2015 09:17:34 +0200},
  url       = {http://dx.doi.org/10.5220/0005495104870496},
}

@InProceedings{BreitenbuecherHirmerKepesEtAl2015,
  author    = {Uwe Breitenb{\"{u}}cher and Pascal Hirmer and K{\'{a}}lm{\'{a}}n K{\'{e}}pes and Oliver Kopp and Frank Leymann and Matthias Wieland},
  title     = {A situation-aware workflow modelling extension},
  booktitle = {Proceedings of the 17th International Conference on Information Integration and Web-based Applications {\&} Services, iiWAS 2015, Brussels, Belgium, December 11-13, 2015},
  year      = {2015},
  editor    = {Gabriele Anderst{-}Kotsis and Maria Indrawan{-}Santiago},
  pages     = {64:1--64:7},
  publisher = {{ACM}},
  bibsource = {dblp computer science bibliography, http://dblp.org},
  biburl    = {http://dblp.uni-trier.de/rec/bib/conf/iiwas/BreitenbucherHK15},
  doi       = {10.1145/2837185.2837248},
  timestamp = {Mon, 23 May 2016 01:00:00 +0200},
  url       = {http://doi.acm.org/10.1145/2837185.2837248},
}

@InProceedings{WagnerKoppLeymann2015,
  author    = {Sebastian Wagner and Oliver Kopp and Frank Leymann},
  title     = {Choreography-based Consolidation of Interacting Processes Having Activity-based Loops},
  booktitle = {{CLOSER} 2015 - Proceedings of the 5th International Conference on Cloud Computing and Services Science, Lisbon, Portugal, 20-22 May, 2015.},
  year      = {2015},
  editor    = {Markus Helfert and Donald Ferguson and V{\'{\i}}ctor M{\'{e}}ndez Mu{\~{n}}oz},
  pages     = {284--296},
  publisher = {SciTePress},
  bibsource = {dblp computer science bibliography, http://dblp.org},
  biburl    = {http://dblp.uni-trier.de/rec/bib/conf/closer/WagnerKL15},
  doi       = {10.5220/0005443802840296},
  timestamp = {Mon, 15 Feb 2016 00:00:00 +0100},
  url       = {http://dx.doi.org/10.5220/0005443802840296},
}

@InProceedings{ThomsenHartmannKlumppEtAl2015,
  author    = {Jessica Thomsen and Niklas Hartmann and Florian Klumpp and Thomas Erge and Michael Falkenthal and Oliver Kopp and Frank Leymann and Sven Stando and Nino Turek and Christoph Schlenzig and Holger Schwarz},
  title     = {Darstellung des Konzeptes - {DMA} Decentralised Market Agent - zur Bew{\"{a}}ltigung zuk{\"{u}}nftiger Herausforderungen in Verteilnetzen},
  booktitle = {45. Jahrestagung der Gesellschaft f{\"{u}}r Informatik, Informatik 2015, Informatik, Energie und Umwelt, 28. September - 2. Oktober 2015 in Cottbus, Deutschland},
  year      = {2015},
  editor    = {Douglas W. Cunningham and Petra Hofstedt and Klaus Meer and Ingo Schmitt},
  volume    = {246},
  series    = {{LNI}},
  pages     = {53--67},
  publisher = {{GI}},
  bibsource = {dblp computer science bibliography, http://dblp.org},
  biburl    = {http://dblp.uni-trier.de/rec/bib/conf/gi/ThomsenHKEFKLST15},
  timestamp = {Tue, 15 Mar 2016 10:22:59 +0100},
  url       = {http://subs.emis.de/LNI/Proceedings/Proceedings246/article75.html},
}

@InProceedings{BreitenbuecherBinzKoppEtAl2015a,
  author    = {Uwe Breitenb{\"{u}}cher and Tobias Binz and Oliver Kopp and K{\'{a}}lm{\'{a}}n K{\'{e}}pes and Frank Leymann and Johannes Wettinger},
  title     = {Hybrid {TOSCA} Provisioning Plans: Integrating Declarative and Imperative Cloud Application Provisioning Technologies},
  booktitle = {Cloud Computing and Services Science - 5th International Conference, {CLOSER} 2015, Lisbon, Portugal, May 20-22, 2015, Revised Selected Papers},
  year      = {2015},
  editor    = {Markus Helfert and V{\'{\i}}ctor M{\'{e}}ndez Mu{\~{n}}oz and Donald Ferguson},
  volume    = {581},
  series    = {Communications in Computer and Information Science},
  pages     = {239--262},
  publisher = {Springer},
  bibsource = {dblp computer science bibliography, http://dblp.org},
  biburl    = {http://dblp.uni-trier.de/rec/bib/conf/closer/BreitenbucherBK15a},
  doi       = {10.1007/978-3-319-29582-4_13},
  timestamp = {Thu, 03 Mar 2016 18:52:40 +0100},
  url       = {http://dx.doi.org/10.1007/978-3-319-29582-4_13},
}

@Article{EshuisNortaKoppEtAl2015,
  author    = {Rik Eshuis and Alex Norta and Oliver Kopp and Esa Pitkanen},
  title     = {Service Outsourcing with Process Views},
  journal   = {{IEEE} Trans. Services Computing},
  year      = {2015},
  volume    = {8},
  number    = {1},
  pages     = {136--154},
  bibsource = {dblp computer science bibliography, http://dblp.org},
  biburl    = {http://dblp.uni-trier.de/rec/bib/journals/tsc/EshuisNKP15},
  doi       = {10.1109/TSC.2013.51},
  keywords  = {rank2},
  timestamp = {Wed, 09 Mar 2016 00:00:00 +0100},
  url       = {http://dx.doi.org/10.1109/TSC.2013.51},
}

@InProceedings{KoppFalkenthalHartmannEtAl2015,
  author    = {Oliver Kopp and Michael Falkenthal and Niklas Hartmann and Frank Leymann and Holger Schwarz and Jessica Thomsen},
  title     = {Towards a Cloud-based Platform Architecture for a Decentralized Market Agent},
  booktitle = {45. Jahrestagung der Gesellschaft f{\"{u}}r Informatik, Informatik 2015, Informatik, Energie und Umwelt, 28. September - 2. Oktober 2015 in Cottbus, Deutschland},
  year      = {2015},
  editor    = {Douglas W. Cunningham and Petra Hofstedt and Klaus Meer and Ingo Schmitt},
  volume    = {246},
  series    = {{LNI}},
  pages     = {69--80},
  publisher = {{GI}},
  bibsource = {dblp computer science bibliography, http://dblp.org},
  biburl    = {http://dblp.uni-trier.de/rec/bib/conf/gi/KoppFHLST15},
  timestamp = {Tue, 15 Mar 2016 10:22:59 +0100},
  url       = {http://subs.emis.de/LNI/Proceedings/Proceedings246/article98.html},
}

@InCollection{BinzBreitenbuecherKoppEtAl2014,
  author    = {Tobias Binz and Uwe Breitenb{\"{u}}cher and Oliver Kopp and Frank Leymann},
  title     = {{TOSCA:} Portable Automated Deployment and Management of Cloud Applications},
  booktitle = {Advanced Web Services},
  publisher = {Springer},
  year      = {2014},
  editor    = {Athman Bouguettaya and Quan Z. Sheng and Florian Daniel},
  pages     = {527--549},
  bibsource = {dblp computer science bibliography, http://dblp.org},
  biburl    = {http://dblp.uni-trier.de/rec/bib/books/sp/aws14/BinzBKL14},
  doi       = {10.1007/978-1-4614-7535-4_22},
  timestamp = {Thu, 16 Apr 2015 19:09:16 +0200},
  url       = {http://dx.doi.org/10.1007/978-1-4614-7535-4_22},
}

@InProceedings{WagnerKoppLeymann2014,
  author    = {Sebastian Wagner and Oliver Kopp and Frank Leymann},
  title     = {Choreography-based Consolidation of Multi-instance {BPEL} Processes},
  booktitle = {{CLOSER} 2014 - Proceedings of the 4th International Conference on Cloud Computing and Services Science, Barcelona, Spain, April 3-5, 2014.},
  year      = {2014},
  editor    = {Markus Helfert and Fr{\'{e}}d{\'{e}}ric Desprez and Donald Ferguson and Frank Leymann and V{\'{\i}}ctor M{\'{e}}ndez Mu{\~{n}}oz},
  pages     = {287--298},
  publisher = {SciTePress},
  bibsource = {dblp computer science bibliography, http://dblp.org},
  biburl    = {http://dblp.uni-trier.de/rec/bib/conf/closer/WagnerKL14},
  doi       = {10.5220/0004857902870298},
  timestamp = {Mon, 15 Feb 2016 00:00:00 +0100},
  url       = {http://dx.doi.org/10.5220/0004857902870298},
}

@InProceedings{BreitenbuecherBinzKepesEtAl2014,
  author    = {Uwe Breitenb{\"{u}}cher and Tobias Binz and Kalman Kepes and Oliver Kopp and Frank Leymann and Johannes Wettinger},
  title     = {Combining Declarative and Imperative Cloud Application Provisioning Based on {TOSCA}},
  booktitle = {2014 {IEEE} International Conference on Cloud Engineering, Boston, MA, USA, March 11-14, 2014},
  year      = {2014},
  pages     = {87--96},
  publisher = {{IEEE}},
  bibsource = {dblp computer science bibliography, http://dblp.org},
  biburl    = {http://dblp.uni-trier.de/rec/bib/conf/ic2e/BreitenbucherBKKLW14},
  doi       = {10.1109/IC2E.2014.56},
  timestamp = {Tue, 28 Apr 2015 17:32:17 +0200},
  url       = {http://dx.doi.org/10.1109/IC2E.2014.56},
}

@InProceedings{BreitenbuecherBinzKoppEtAl2014,
  author    = {Uwe Breitenb{\"{u}}cher and Tobias Binz and Oliver Kopp and Frank Leymann and Matthias Wieland},
  title     = {Context-aware Cloud Application Management},
  booktitle = {{CLOSER} 2014 - Proceedings of the 4th International Conference on Cloud Computing and Services Science, Barcelona, Spain, April 3-5, 2014.},
  year      = {2014},
  editor    = {Markus Helfert and Fr{\'{e}}d{\'{e}}ric Desprez and Donald Ferguson and Frank Leymann and V{\'{\i}}ctor M{\'{e}}ndez Mu{\~{n}}oz},
  pages     = {499--509},
  publisher = {SciTePress},
  bibsource = {dblp computer science bibliography, http://dblp.org},
  biburl    = {http://dblp.uni-trier.de/rec/bib/conf/closer/BreitenbucherBKLW14},
  doi       = {10.5220/0004949204990509},
  timestamp = {Fri, 12 Sep 2014 14:58:05 +0200},
  url       = {http://dx.doi.org/10.5220/0004949204990509},
}

@InProceedings{BreitenbuecherBinzKoppEtAl2014a,
  author    = {Uwe Breitenb{\"{u}}cher and Tobias Binz and Oliver Kopp and Frank Leymann and Matthias Wieland},
  title     = {Context-Aware Provisioning and Management of Cloud Applications},
  booktitle = {Cloud Computing and Services Sciences - International Conference in Cloud Computing and Services Sciences, {CLOSER} 2014, Barcelona Spain, April 3-5, 2014, Revised Selected Papers},
  year      = {2014},
  editor    = {Markus Helfert and Fr{\'{e}}d{\'{e}}ric Desprez and Donald Ferguson and Frank Leymann and V{\'{\i}}ctor M{\'{e}}ndez Mu{\~{n}}oz},
  volume    = {512},
  series    = {Communications in Computer and Information Science},
  pages     = {151--168},
  publisher = {Springer},
  bibsource = {dblp computer science bibliography, http://dblp.org},
  biburl    = {http://dblp.uni-trier.de/rec/bib/conf/closer/BreitenbucherBK14},
  doi       = {10.1007/978-3-319-25414-2_10},
  timestamp = {Fri, 06 May 2016 14:21:50 +0200},
  url       = {http://dx.doi.org/10.1007/978-3-319-25414-2_10},
}

@Article{BinzBreitenbuecherKoppEtAl2014a,
  author    = {Tobias Binz and Uwe Breitenb{\"{u}}cher and Oliver Kopp and Frank Leymann},
  title     = {Migration of enterprise applications to the cloud},
  journal   = {it - Information Technology},
  year      = {2014},
  volume    = {56},
  number    = {3},
  pages     = {106--111},
  bibsource = {dblp computer science bibliography, http://dblp.org},
  biburl    = {http://dblp.uni-trier.de/rec/bib/journals/it/BinzBKL14},
  doi       = {10.1515/itit-2013-1032},
  timestamp = {Tue, 17 Jun 2014 01:00:00 +0200},
  url       = {http://dx.doi.org/10.1515/itit-2013-1032},
}

@Article{WettingerBinzBreitenbuecherEtAl2014,
  author    = {Johannes Wettinger and Tobias Binz and Uwe Breitenb{\"{u}}cher and Oliver Kopp and Frank Leymann},
  title     = {Streamlining Cloud Management Automation by Unifying the Invocation of Scripts and Services Based on {TOSCA}},
  journal   = {{IJOCI}},
  year      = {2014},
  volume    = {4},
  number    = {2},
  pages     = {45--63},
  bibsource = {dblp computer science bibliography, http://dblp.org},
  biburl    = {http://dblp.uni-trier.de/rec/bib/journals/ijoci/WettingerBBKL14},
  doi       = {10.4018/ijoci.2014040103},
  timestamp = {Fri, 16 Jan 2015 00:00:00 +0100},
  url       = {http://dx.doi.org/10.4018/ijoci.2014040103},
}

@InProceedings{SungurKoppLeymann2014,
  author    = {C. Timurhan Sungur and Oliver Kopp and Frank Leymann},
  title     = {Supporting Informal Processes},
  booktitle = {Proceedings of the 6th Central-European Workshop on Services and their Composition, {ZEUS} 2014, Potsdam, Germany, February 20-21, 2014.},
  year      = {2014},
  editor    = {Nico Herzberg and Matthias Kunze},
  volume    = {1140},
  series    = {{CEUR} Workshop Proceedings},
  pages     = {49--56},
  publisher = {CEUR-WS.org},
  bibsource = {dblp computer science bibliography, http://dblp.org},
  biburl    = {http://dblp.uni-trier.de/rec/bib/conf/zeus/SungurKL14},
  timestamp = {Mon, 30 May 2016 16:28:37 +0200},
  url       = {http://ceur-ws.org/Vol-1140/paper8.pdf},
}

@InProceedings{WettingerBinzBreitenbuecherEtAl2014a,
  author    = {Johannes Wettinger and Tobias Binz and Uwe Breitenb{\"{u}}cher and Oliver Kopp and Frank Leymann and Michael Zimmermann},
  title     = {Unified Invocation of Scripts and Services for Provisioning, Deployment, and Management of Cloud Applications Based on {TOSCA}},
  booktitle = {{CLOSER} 2014 - Proceedings of the 4th International Conference on Cloud Computing and Services Science, Barcelona, Spain, April 3-5, 2014.},
  year      = {2014},
  editor    = {Markus Helfert and Fr{\'{e}}d{\'{e}}ric Desprez and Donald Ferguson and Frank Leymann and V{\'{\i}}ctor M{\'{e}}ndez Mu{\~{n}}oz},
  pages     = {559--568},
  publisher = {SciTePress},
  bibsource = {dblp computer science bibliography, http://dblp.org},
  biburl    = {http://dblp.uni-trier.de/rec/bib/conf/closer/WettingerBBKLZ14},
  doi       = {10.5220/0004859005590568},
  timestamp = {Fri, 12 Sep 2014 14:58:05 +0200},
  url       = {http://dx.doi.org/10.5220/0004859005590568},
}

@InProceedings{BreitenbuecherBinzKoppEtAl2014b,
  author    = {Uwe Breitenb{\"{u}}cher and Tobias Binz and Oliver Kopp and Frank Leymann},
  title     = {Vinothek - {A} Self-Service Portal for {TOSCA}},
  booktitle = {Proceedings of the 6th Central-European Workshop on Services and their Composition, {ZEUS} 2014, Potsdam, Germany, February 20-21, 2014.},
  year      = {2014},
  editor    = {Nico Herzberg and Matthias Kunze},
  volume    = {1140},
  series    = {{CEUR} Workshop Proceedings},
  pages     = {69--72},
  publisher = {CEUR-WS.org},
  bibsource = {dblp computer science bibliography, http://dblp.org},
  biburl    = {http://dblp.uni-trier.de/rec/bib/conf/zeus/BreitenbucherBKL14},
  timestamp = {Mon, 30 May 2016 16:28:37 +0200},
  url       = {http://ceur-ws.org/Vol-1140/paper11.pdf},
}

@InProceedings{BinzBreitenbuecherKoppEtAl2013,
  author    = {Tobias Binz and Uwe Breitenb{\"{u}}cher and Oliver Kopp and Frank Leymann},
  title     = {Automated Discovery and Maintenance of Enterprise Topology Graphs},
  booktitle = {2013 {IEEE} 6th International Conference on Service-Oriented Computing and Applications, Koloa, HI, USA, December 16-18, 2013},
  year      = {2013},
  pages     = {126--134},
  publisher = {{IEEE} Computer Society},
  bibsource = {dblp computer science bibliography, http://dblp.org},
  biburl    = {http://dblp.uni-trier.de/rec/bib/conf/soca/BinzBKL13},
  doi       = {10.1109/SOCA.2013.29},
  timestamp = {Fri, 10 Jul 2015 14:02:01 +0200},
  url       = {http://dx.doi.org/10.1109/SOCA.2013.29},
}

@InProceedings{CardosoBinzBreitenbuecherEtAl2013,
  author    = {Jorge Cardoso and Tobias Binz and Uwe Breitenb{\"{u}}cher and Oliver Kopp and Frank Leymann},
  title     = {Cloud Computing Automation: Integrating {USDL} and {TOSCA}},
  booktitle = {Advanced Information Systems Engineering - 25th International Conference, CAiSE 2013, Valencia, Spain, June 17-21, 2013. Proceedings},
  year      = {2013},
  editor    = {Camille Salinesi and Moira C. Norrie and Oscar Pastor},
  volume    = {7908},
  series    = {Lecture Notes in Computer Science},
  pages     = {1--16},
  publisher = {Springer},
  bibsource = {dblp computer science bibliography, http://dblp.org},
  biburl    = {http://dblp.uni-trier.de/rec/bib/conf/caise/CardosoBBKL13},
  doi       = {10.1007/978-3-642-38709-8_1},
  timestamp = {Tue, 25 Jun 2013 10:22:54 +0200},
  url       = {http://dx.doi.org/10.1007/978-3-642-38709-8_1},
}

@InProceedings{WagnerKoppLeymann2013,
  author    = {Sebastian Wagner and Oliver Kopp and Frank Leymann},
  title     = {Consolidation of Interacting {BPEL} Process Models with Fault Handlers},
  booktitle = {Proceedings of the 5\({}^{\mbox{th}}\) Central-European Workshop on Services and their Composition, Rostock, Germany, February 21-22, 2013},
  year      = {2013},
  editor    = {Oliver Kopp and Niels Lohmann},
  volume    = {1029},
  series    = {{CEUR} Workshop Proceedings},
  pages     = {9--16},
  publisher = {CEUR-WS.org},
  bibsource = {dblp computer science bibliography, http://dblp.org},
  biburl    = {http://dblp.uni-trier.de/rec/bib/conf/zeus/WagnerKL13},
  timestamp = {Mon, 30 May 2016 16:28:37 +0200},
  url       = {http://ceur-ws.org/Vol-1029/paper2.pdf},
}

@InProceedings{SungurSpiessOertelEtAl2013,
  author    = {C. Timurhan Sungur and Patrik Spiess and Nina Oertel and Oliver Kopp},
  title     = {Extending {BPMN} for Wireless Sensor Networks},
  booktitle = {{IEEE} 15th Conference on Business Informatics, {CBI} 2013, Vienna, Austria, July 15-18, 2013},
  year      = {2013},
  pages     = {109--116},
  publisher = {{IEEE} Computer Society},
  bibsource = {dblp computer science bibliography, http://dblp.org},
  biburl    = {http://dblp.uni-trier.de/rec/bib/conf/wecwis/SungurSOK13},
  doi       = {10.1109/CBI.2013.24},
  timestamp = {Wed, 11 May 2016 10:54:36 +0200},
  url       = {http://dx.doi.org/10.1109/CBI.2013.24},
}

@InProceedings{BinzBreitenbuecherKoppEtAl2013a,
  author    = {Tobias Binz and Uwe Breitenb{\"{u}}cher and Oliver Kopp and Frank Leymann and Andreas Wei{\ss}},
  title     = {Improve Resource-sharing through Functionality-preserving Merge of Cloud Application Topologies},
  booktitle = {{CLOSER} 2013 - Proceedings of the 3rd International Conference on Cloud Computing and Services Science, Aachen, Germany, 8-10 May, 2013},
  year      = {2013},
  editor    = {Fr{\'{e}}d{\'{e}}ric Desprez and Donald Ferguson and Ethan Hadar and Frank Leymann and Matthias Jarke and Markus Helfert},
  pages     = {96--103},
  publisher = {SciTePress},
  bibsource = {dblp computer science bibliography, http://dblp.org},
  biburl    = {http://dblp.uni-trier.de/rec/bib/conf/closer/BinzBKLW13},
  timestamp = {Tue, 01 Oct 2013 14:38:38 +0200},
}

@InProceedings{WettingerKoppLeymann2013,
  author    = {Johannes Wettinger and Oliver Kopp and Frank Leymann},
  title     = {Improving Portability of Cloud Service Topology Models Relying on Script-Based Deployment},
  booktitle = {Proceedings of the 5\({}^{\mbox{th}}\) Central-European Workshop on Services and their Composition, Rostock, Germany, February 21-22, 2013},
  year      = {2013},
  editor    = {Oliver Kopp and Niels Lohmann},
  volume    = {1029},
  series    = {{CEUR} Workshop Proceedings},
  pages     = {24--27},
  publisher = {CEUR-WS.org},
  bibsource = {dblp computer science bibliography, http://dblp.org},
  biburl    = {http://dblp.uni-trier.de/rec/bib/conf/zeus/WettingerKL13},
  timestamp = {Mon, 30 May 2016 16:28:37 +0200},
  url       = {http://ceur-ws.org/Vol-1029/paper5.pdf},
}

@InProceedings{BreitenbuecherBinzKoppEtAl2013,
  author    = {Uwe Breitenb{\"{u}}cher and Tobias Binz and Oliver Kopp and Frank Leymann and Johannes Wettinger},
  title     = {Integrated Cloud Application Provisioning: Interconnecting Service-Centric and Script-Centric Management Technologies},
  booktitle = {On the Move to Meaningful Internet Systems: {OTM} 2013 Conferences - Confederated International Conferences: CoopIS, DOA-Trusted Cloud, and {ODBASE} 2013, Graz, Austria, September 9-13, 2013. Proceedings},
  year      = {2013},
  editor    = {Robert Meersman and Herv{\'{e}} Panetto and Tharam S. Dillon and Johann Eder and Zohra Bellahsene and Norbert Ritter and Pieter De Leenheer and Dejing Dou},
  volume    = {8185},
  series    = {Lecture Notes in Computer Science},
  pages     = {130--148},
  publisher = {Springer},
  bibsource = {dblp computer science bibliography, http://dblp.org},
  biburl    = {http://dblp.uni-trier.de/rec/bib/conf/otm/BreitenbucherBKLW13},
  doi       = {10.1007/978-3-642-41030-7_9},
  timestamp = {Sun, 23 Mar 2014 11:49:46 +0100},
  url       = {http://dx.doi.org/10.1007/978-3-642-41030-7_9},
}

@InProceedings{BinzBreitenbuecherHauptEtAl2013,
  author    = {Tobias Binz and Uwe Breitenb{\"{u}}cher and Florian Haupt and Oliver Kopp and Frank Leymann and Alexander Nowak and Sebastian Wagner},
  title     = {OpenTOSCA - {A} Runtime for TOSCA-Based Cloud Applications},
  booktitle = {Service-Oriented Computing - 11th International Conference, {ICSOC} 2013, Berlin, Germany, December 2-5, 2013, Proceedings},
  year      = {2013},
  editor    = {Samik Basu and Cesare Pautasso and Liang Zhang and Xiang Fu},
  volume    = {8274},
  series    = {Lecture Notes in Computer Science},
  pages     = {692--695},
  publisher = {Springer},
  bibsource = {dblp computer science bibliography, http://dblp.org},
  biburl    = {http://dblp.uni-trier.de/rec/bib/conf/icsoc/BinzBHKLNW13},
  doi       = {10.1007/978-3-642-45005-1_62},
  timestamp = {Mon, 15 Feb 2016 00:00:00 +0100},
  url       = {http://dx.doi.org/10.1007/978-3-642-45005-1_62},
}

@InProceedings{BreitenbuecherBinzKoppEtAl2013a,
  author    = {Uwe Breitenb{\"{u}}cher and Tobias Binz and Oliver Kopp and Frank Leymann},
  title     = {Pattern-based Runtime Management of Composite Cloud Applications},
  booktitle = {{CLOSER} 2013 - Proceedings of the 3rd International Conference on Cloud Computing and Services Science, Aachen, Germany, 8-10 May, 2013},
  year      = {2013},
  editor    = {Fr{\'{e}}d{\'{e}}ric Desprez and Donald Ferguson and Ethan Hadar and Frank Leymann and Matthias Jarke and Markus Helfert},
  pages     = {475--482},
  publisher = {SciTePress},
  bibsource = {dblp computer science bibliography, http://dblp.org},
  biburl    = {http://dblp.uni-trier.de/rec/bib/conf/closer/BreitenbucherBKL13},
  timestamp = {Tue, 01 Oct 2013 14:38:38 +0200},
}

@InProceedings{WagnerRollerKoppEtAl2013,
  author    = {Sebastian Wagner and Dieter Roller and Oliver Kopp and Tobias Unger and Frank Leymann},
  title     = {Performance Optimizations for Interacting Business Processes},
  booktitle = {2013 {IEEE} International Conference on Cloud Engineering, {IC2E} 2013, San Francisco, CA, USA, March 25-27, 2013},
  year      = {2013},
  pages     = {210--216},
  publisher = {{IEEE}},
  bibsource = {dblp computer science bibliography, http://dblp.org},
  biburl    = {http://dblp.uni-trier.de/rec/bib/conf/ic2e/WagnerRKUL13},
  doi       = {10.1109/IC2E.2013.34},
  timestamp = {Mon, 15 Feb 2016 00:00:00 +0100},
  url       = {http://dx.doi.org/10.1109/IC2E.2013.34},
}

@InProceedings{WaizeneggerWielandBinzEtAl2013,
  author    = {Tim Waizenegger and Matthias Wieland and Tobias Binz and Uwe Breitenb{\"{u}}cher and Florian Haupt and Oliver Kopp and Frank Leymann and Bernhard Mitschang and Alexander Nowak and Sebastian Wagner},
  title     = {Policy4TOSCA: {A} Policy-Aware Cloud Service Provisioning Approach to Enable Secure Cloud Computing},
  booktitle = {On the Move to Meaningful Internet Systems: {OTM} 2013 Conferences - Confederated International Conferences: CoopIS, DOA-Trusted Cloud, and {ODBASE} 2013, Graz, Austria, September 9-13, 2013. Proceedings},
  year      = {2013},
  editor    = {Robert Meersman and Herv{\'{e}} Panetto and Tharam S. Dillon and Johann Eder and Zohra Bellahsene and Norbert Ritter and Pieter De Leenheer and Dejing Dou},
  volume    = {8185},
  series    = {Lecture Notes in Computer Science},
  pages     = {360--376},
  publisher = {Springer},
  bibsource = {dblp computer science bibliography, http://dblp.org},
  biburl    = {http://dblp.uni-trier.de/rec/bib/conf/otm/WaizeneggerWBBHKLMNW13},
  doi       = {10.1007/978-3-642-41030-7_26},
  timestamp = {Mon, 15 Feb 2016 00:00:00 +0100},
  url       = {http://dx.doi.org/10.1007/978-3-642-41030-7_26},
}

@Proceedings{KoppLohmann2013,
  title     = {Proceedings of the 5\({}^{\mbox{th}}\) Central-European Workshop on Services and their Composition, Rostock, Germany, February 21-22, 2013},
  year      = {2013},
  editor    = {Oliver Kopp and Niels Lohmann},
  volume    = {1029},
  series    = {{CEUR} Workshop Proceedings},
  publisher = {CEUR-WS.org},
  bibsource = {dblp computer science bibliography, http://dblp.org},
  biburl    = {http://dblp.uni-trier.de/rec/bib/conf/zeus/2013},
  timestamp = {Mon, 30 May 2016 01:00:00 +0200},
  url       = {http://ceur-ws.org/Vol-1029},
}

@InProceedings{DemontBreitenbuecherKoppEtAl2013,
  author    = {Christoph Demont and Uwe Breitenb{\"{u}}cher and Oliver Kopp and Frank Leymann and Johannes Wettinger},
  title     = {Towards Integrating {TOSCA} and {ITIL}},
  booktitle = {Proceedings of the 5\({}^{\mbox{th}}\) Central-European Workshop on Services and their Composition, Rostock, Germany, February 21-22, 2013},
  year      = {2013},
  editor    = {Oliver Kopp and Niels Lohmann},
  volume    = {1029},
  series    = {{CEUR} Workshop Proceedings},
  pages     = {28--31},
  publisher = {CEUR-WS.org},
  bibsource = {dblp computer science bibliography, http://dblp.org},
  biburl    = {http://dblp.uni-trier.de/rec/bib/conf/zeus/DemontBKLW13},
  timestamp = {Mon, 30 May 2016 16:28:37 +0200},
  url       = {http://ceur-ws.org/Vol-1029/paper6.pdf},
}

@InProceedings{KoppBinzBreitenbuecherEtAl2013,
  author    = {Oliver Kopp and Tobias Binz and Uwe Breitenb{\"{u}}cher and Frank Leymann},
  title     = {Winery - {A} Modeling Tool for TOSCA-Based Cloud Applications},
  booktitle = {Service-Oriented Computing - 11th International Conference, {ICSOC} 2013, Berlin, Germany, December 2-5, 2013, Proceedings},
  year      = {2013},
  editor    = {Samik Basu and Cesare Pautasso and Liang Zhang and Xiang Fu},
  volume    = {8274},
  series    = {Lecture Notes in Computer Science},
  pages     = {700--704},
  publisher = {Springer},
  bibsource = {dblp computer science bibliography, http://dblp.org},
  biburl    = {http://dblp.uni-trier.de/rec/bib/conf/icsoc/KoppBBL13},
  doi       = {10.1007/978-3-642-45005-1_64},
  timestamp = {Thu, 12 Dec 2013 14:25:10 +0100},
  url       = {http://dx.doi.org/10.1007/978-3-642-45005-1_64},
}

@InProceedings{KoppBinzBreitenbuecherEtAl2012,
  author    = {Oliver Kopp and Tobias Binz and Uwe Breitenb{\"{u}}cher and Frank Leymann},
  title     = {{BPMN4TOSCA:} {A} Domain-Specific Language to Model Management Plans for Composite Applications},
  booktitle = {Business Process Model and Notation - 4th International Workshop, {BPMN} 2012, Vienna, Austria, September 12-13, 2012. Proceedings},
  year      = {2012},
  editor    = {Jan Mendling and Matthias Weidlich},
  volume    = {125},
  series    = {Lecture Notes in Business Information Processing},
  pages     = {38--52},
  publisher = {Springer},
  bibsource = {dblp computer science bibliography, http://dblp.org},
  biburl    = {http://dblp.uni-trier.de/rec/bib/conf/bpmn/KoppBBL12},
  doi       = {10.1007/978-3-642-33155-8_4},
  timestamp = {Tue, 18 Sep 2012 15:54:08 +0200},
  url       = {http://dx.doi.org/10.1007/978-3-642-33155-8_4},
}

@InProceedings{StrauchBreitenbuecherKoppEtAl2012,
  author    = {Steve Strauch and Uwe Breitenb{\"{u}}cher and Oliver Kopp and Frank Leymann and Tobias Unger},
  title     = {Cloud Data Patterns for Confidentiality},
  booktitle = {{CLOSER} 2012 - Proceedings of the 2nd International Conference on Cloud Computing and Services Science, Porto, Portugal, 18 - 21 April, 2012},
  year      = {2012},
  editor    = {Frank Leymann and Ivan I. Ivanov and Marten van Sinderen and Tony Shan},
  pages     = {387--394},
  publisher = {SciTePress},
  bibsource = {dblp computer science bibliography, http://dblp.org},
  biburl    = {http://dblp.uni-trier.de/rec/bib/conf/closer/StrauchBKLU12},
  timestamp = {Thu, 03 Mar 2016 19:04:32 +0100},
}

@InProceedings{StrauchAndrikopoulosBreitenbuecherEtAl2012,
  author    = {Steve Strauch and Vasilios Andrikopoulos and Uwe Breitenb{\"{u}}cher and Oliver Kopp and Frank Leyrnann},
  title     = {Non-functional data layer patterns for Cloud applications},
  booktitle = {4th {IEEE} International Conference on Cloud Computing Technology and Science Proceedings, CloudCom 2012, Taipei, Taiwan, December 3-6, 2012},
  year      = {2012},
  pages     = {601--605},
  publisher = {{IEEE} Computer Society},
  bibsource = {dblp computer science bibliography, http://dblp.org},
  biburl    = {http://dblp.uni-trier.de/rec/bib/conf/cloudcom/StrauchABKL12},
  doi       = {10.1109/CloudCom.2012.6427478},
  timestamp = {Tue, 02 Jun 2015 18:34:42 +0200},
  url       = {http://dx.doi.org/10.1109/CloudCom.2012.6427478},
}

@Article{NowakBinzFehlingEtAl2012,
  author    = {Alexander Nowak and Tobias Binz and Christoph Fehling and Oliver Kopp and Frank Leymann and Sebastian Wagner},
  title     = {Pattern-driven green adaptation of process-based applications and their runtime infrastructure},
  journal   = {Computing},
  year      = {2012},
  volume    = {94},
  number    = {6},
  pages     = {463--487},
  bibsource = {dblp computer science bibliography, http://dblp.org},
  biburl    = {http://dblp.uni-trier.de/rec/bib/journals/computing/NowakBFKLW12},
  doi       = {10.1007/s00607-012-0188-x},
  timestamp = {Mon, 15 Feb 2016 00:00:00 +0100},
  url       = {http://dx.doi.org/10.1007/s00607-012-0188-x},
}

@Proceedings{SchoenbergerKoppLohmann2012,
  title     = {Proceedings of the 4\({}^{\mbox{th}}\) Central-European Workshop on Services and their Composition, ZEUS-2012, Bamberg, Germany, February 23-24, 2012},
  year      = {2012},
  editor    = {Andreas Sch{\"{o}}nberger and Oliver Kopp and Niels Lohmann},
  volume    = {847},
  series    = {{CEUR} Workshop Proceedings},
  publisher = {CEUR-WS.org},
  bibsource = {dblp computer science bibliography, http://dblp.org},
  biburl    = {http://dblp.uni-trier.de/rec/bib/conf/zeus/2012},
  timestamp = {Mon, 30 May 2016 01:00:00 +0200},
  url       = {http://ceur-ws.org/Vol-847},
}

@InProceedings{ReiterBreitenbuecherKoppEtAl2012,
  author    = {Michael Reiter and Uwe Breitenb{\"{u}}cher and Oliver Kopp and Dimka Karastoyanova},
  title     = {Quality of data driven simulation workflows},
  booktitle = {8th {IEEE} International Conference on E-Science, e-Science 2012, Chicago, IL, USA, October 8-12, 2012},
  year      = {2012},
  pages     = {1--8},
  publisher = {{IEEE} Computer Society},
  bibsource = {dblp computer science bibliography, http://dblp.org},
  biburl    = {http://dblp.uni-trier.de/rec/bib/conf/eScience/ReiterBKK12},
  doi       = {10.1109/eScience.2012.6404417},
  timestamp = {Fri, 07 Nov 2014 00:00:00 +0100},
  url       = {http://dx.doi.org/10.1109/eScience.2012.6404417},
}

@InProceedings{BreitenbuecherKoppLeymannEtAl2012,
  author    = {Uwe Breitenb{\"{u}}cher and Oliver Kopp and Frank Leymann and Michael Reiter and Dieter Roller and Tobias Unger},
  title     = {Six Strategies for Building High Performance {SOA} Applications},
  booktitle = {Proceedings of the 4\({}^{\mbox{th}}\) Central-European Workshop on Services and their Composition, ZEUS-2012, Bamberg, Germany, February 23-24, 2012},
  year      = {2012},
  editor    = {Andreas Sch{\"{o}}nberger and Oliver Kopp and Niels Lohmann},
  volume    = {847},
  series    = {{CEUR} Workshop Proceedings},
  pages     = {120--127},
  publisher = {CEUR-WS.org},
  bibsource = {dblp computer science bibliography, http://dblp.org},
  biburl    = {http://dblp.uni-trier.de/rec/bib/conf/zeus/BreitenbucherKLRRU12},
  timestamp = {Mon, 30 May 2016 16:43:12 +0200},
  url       = {http://ceur-ws.org/Vol-847/paper16.pdf},
}

@InProceedings{WagnerKoppLeymann2012,
  author    = {Sebastian Wagner and Oliver Kopp and Frank Leymann},
  title     = {Towards Verification of Process Merge Patterns with Allen's Interval Algebra},
  booktitle = {Proceedings of the 4\({}^{\mbox{th}}\) Central-European Workshop on Services and their Composition, ZEUS-2012, Bamberg, Germany, February 23-24, 2012},
  year      = {2012},
  editor    = {Andreas Sch{\"{o}}nberger and Oliver Kopp and Niels Lohmann},
  volume    = {847},
  series    = {{CEUR} Workshop Proceedings},
  pages     = {81--88},
  publisher = {CEUR-WS.org},
  bibsource = {dblp computer science bibliography, http://dblp.org},
  biburl    = {http://dblp.uni-trier.de/rec/bib/conf/zeus/WagnerKL12},
  timestamp = {Mon, 30 May 2016 16:43:12 +0200},
  url       = {http://ceur-ws.org/Vol-847/paper11.pdf},
}

@InProceedings{BreitenbuecherBinzKoppEtAl2012,
  author    = {Uwe Breitenb{\"{u}}cher and Tobias Binz and Oliver Kopp and Frank Leymann and David Schumm},
  title     = {Vino4TOSCA: {A} Visual Notation for Application Topologies Based on {TOSCA}},
  booktitle = {On the Move to Meaningful Internet Systems: {OTM} 2012, Confederated International Conferences: CoopIS, DOA-SVI, and {ODBASE} 2012, Rome, Italy, September 10-14, 2012. Proceedings, Part {I}},
  year      = {2012},
  editor    = {Robert Meersman and Herv{\'{e}} Panetto and Tharam S. Dillon and Stefanie Rinderle{-}Ma and Peter Dadam and Xiaofang Zhou and Siani Pearson and Alois Ferscha and Sonia Bergamaschi and Isabel F. Cruz},
  volume    = {7565},
  series    = {Lecture Notes in Computer Science},
  pages     = {416--424},
  publisher = {Springer},
  bibsource = {dblp computer science bibliography, http://dblp.org},
  biburl    = {http://dblp.uni-trier.de/rec/bib/conf/otm/BreitenbucherBKLS12},
  doi       = {10.1007/978-3-642-33606-5_25},
  timestamp = {Sun, 27 Jan 2013 17:45:33 +0100},
  url       = {http://dx.doi.org/10.1007/978-3-642-33606-5_25},
}

@InProceedings{StrauchKoppLeymannEtAl2011,
  author    = {Steve Strauch and Oliver Kopp and Frank Leymann and Tobias Unger},
  title     = {A Taxonomy for Cloud Data Hosting Solutions},
  booktitle = {{IEEE} Ninth International Conference on Dependable, Autonomic and Secure Computing, {DASC} 2011, 12-14 December 2011, Sydney, Australia},
  year      = {2011},
  pages     = {577--584},
  publisher = {{IEEE} Computer Society},
  bibsource = {dblp computer science bibliography, http://dblp.org},
  biburl    = {http://dblp.uni-trier.de/rec/bib/conf/dasc/StrauchKLU11},
  doi       = {10.1109/DASC.2011.106},
  timestamp = {Tue, 18 Aug 2015 20:06:19 +0200},
  url       = {http://dx.doi.org/10.1109/DASC.2011.106},
}

@InProceedings{KoppLeymannWagner2011,
  author    = {Oliver Kopp and Frank Leymann and Sebastian Wagner},
  title     = {Modeling Choreographies: {BPMN} 2.0 versus BPEL-based Approaches},
  booktitle = {Enterprise Modelling and Information Systems Architectures: Proceedings of the 4th International Workshop on Enterprise Modelling and Information Systems Architectures, {EMISA} 2011, Hamburg, Germany, September 22-23, 2011},
  year      = {2011},
  editor    = {Markus N{\"{u}}ttgens and Oliver Thomas and Barbara Weber},
  volume    = {190},
  series    = {{LNI}},
  pages     = {225--230},
  publisher = {{GI}},
  bibsource = {dblp computer science bibliography, http://dblp.org},
  biburl    = {http://dblp.uni-trier.de/rec/bib/conf/emisa/KoppLW11},
  timestamp = {Tue, 15 Mar 2016 11:26:11 +0100},
  url       = {http://subs.emis.de/LNI/Proceedings/Proceedings190/article6448.html},
}

@InProceedings{KoppLeymannSchummEtAl2011,
  author    = {Oliver Kopp and Frank Leymann and David Schumm and Tobias Unger},
  title     = {On {BPMN} Process Fragment Auto-Completion},
  booktitle = {3rd Central-European Workshop on Services and their Composition, Services und ihre Komposition, {ZEUS} 2011, Karlsruhe, Germany, February 21-22, 2011. Proceedings},
  year      = {2011},
  editor    = {Daniel Eichhorn and Agnes Koschmider and Huayu Zhang},
  volume    = {705},
  series    = {{CEUR} Workshop Proceedings},
  pages     = {58--64},
  publisher = {CEUR-WS.org},
  bibsource = {dblp computer science bibliography, http://dblp.org},
  biburl    = {http://dblp.uni-trier.de/rec/bib/conf/zeus/KoppLSU11},
  timestamp = {Mon, 30 May 2016 16:43:12 +0200},
  url       = {http://ceur-ws.org/Vol-705/paper8.pdf},
}

@InProceedings{KoppLeymannUngerEtAl2011,
  author    = {Oliver Kopp and Frank Leymann and Tobias Unger and Sebastian Wagner},
  title     = {Towards The Essential Flow Model},
  booktitle = {3rd Central-European Workshop on Services and their Composition, Services und ihre Komposition, {ZEUS} 2011, Karlsruhe, Germany, February 21-22, 2011. Proceedings},
  year      = {2011},
  editor    = {Daniel Eichhorn and Agnes Koschmider and Huayu Zhang},
  volume    = {705},
  series    = {{CEUR} Workshop Proceedings},
  pages     = {26--33},
  publisher = {CEUR-WS.org},
  bibsource = {dblp computer science bibliography, http://dblp.org},
  biburl    = {http://dblp.uni-trier.de/rec/bib/conf/zeus/KoppLUW11},
  timestamp = {Mon, 30 May 2016 16:43:12 +0200},
  url       = {http://ceur-ws.org/Vol-705/paper4.pdf},
}

@InProceedings{WetzsteinKarastoyanovaKoppEtAl2010,
  author    = {Branimir Wetzstein and Dimka Karastoyanova and Oliver Kopp and Frank Leymann and Daniel Zwink},
  title     = {Cross-organizational process monitoring based on service choreographies},
  booktitle = {Proceedings of the 2010 {ACM} Symposium on Applied Computing (SAC), Sierre, Switzerland, March 22-26, 2010},
  year      = {2010},
  editor    = {Sung Y. Shin and Sascha Ossowski and Michael Schumacher and Mathew J. Palakal and Chih{-}Cheng Hung},
  pages     = {2485--2490},
  publisher = {{ACM}},
  bibsource = {dblp computer science bibliography, http://dblp.org},
  biburl    = {http://dblp.uni-trier.de/rec/bib/conf/sac/WetzsteinKKLZ10},
  doi       = {10.1145/1774088.1774601},
  timestamp = {Tue, 03 Nov 2015 12:36:38 +0100},
  url       = {http://doi.acm.org/10.1145/1774088.1774601},
}

@InProceedings{KoppGoerlachLeymann2010,
  author    = {Oliver Kopp and Katharina G{\"{o}}rlach and Frank Leymann},
  title     = {Extending choreography spheres to improve simulations},
  booktitle = {iiWAS'2010 - The 12th International Conference on Information Integration and Web-based Applications and Services, 8-10 November 2010, Paris, France},
  year      = {2010},
  editor    = {Gabriele Kotsis and David Taniar and Eric Pardede and Imad Saleh and Ismail Khalil},
  pages     = {696--699},
  publisher = {{ACM}},
  bibsource = {dblp computer science bibliography, http://dblp.org},
  biburl    = {http://dblp.uni-trier.de/rec/bib/conf/iiwas/KoppGL10},
  doi       = {10.1145/1967486.1967598},
  timestamp = {Tue, 03 May 2011 20:12:09 +0200},
  url       = {http://doi.acm.org/10.1145/1967486.1967598},
}

@InProceedings{KoppLeymannWutke2010,
  author    = {Oliver Kopp and Frank Leymann and Daniel Wutke},
  title     = {Fault Handling in the Web Service Stack},
  booktitle = {Service-Oriented Computing - 8th International Conference, {ICSOC} 2010, San Francisco, CA, USA, December 7-10, 2010. Proceedings},
  year      = {2010},
  editor    = {Paul P. Maglio and Mathias Weske and Jian Yang and Marcelo Fantinato},
  volume    = {6470},
  series    = {Lecture Notes in Computer Science},
  pages     = {303--317},
  bibsource = {dblp computer science bibliography, http://dblp.org},
  biburl    = {http://dblp.uni-trier.de/rec/bib/conf/icsoc/KoppLW10},
  doi       = {10.1007/978-3-642-17358-5_21},
  timestamp = {Mon, 09 May 2011 13:28:38 +0200},
  url       = {http://dx.doi.org/10.1007/978-3-642-17358-5_21},
}

@InProceedings{KoppEnglerLessenEtAl2010,
  author    = {Oliver Kopp and Lasse Engler and Tammo van Lessen and Frank Leymann and J{\"{o}}rg Nitzsche},
  title     = {Interaction Choreography Models in {BPEL:} Choreographies on the Enterprise Service Bus},
  booktitle = {Subject-Oriented Business Process Management - Second International Conference, {S-BPM} {ONE} 2010, Karlsruhe, Germany, October 14, 2010. Selected Papers},
  year      = {2010},
  editor    = {Albert Fleischmann and Werner Schmidt and Robert Singer and Detlef Seese},
  volume    = {138},
  series    = {Communications in Computer and Information Science},
  pages     = {36--53},
  publisher = {Springer},
  bibsource = {dblp computer science bibliography, http://dblp.org},
  biburl    = {http://dblp.uni-trier.de/rec/bib/conf/s-bpm-one/KoppELLN10},
  doi       = {10.1007/978-3-642-23135-3_3},
  timestamp = {Sat, 05 May 2012 12:36:21 +0200},
  url       = {http://dx.doi.org/10.1007/978-3-642-23135-3_3},
}

@InProceedings{KoppLeymannWu2010,
  author    = {Oliver Kopp and Frank Leymann and Fei Wu},
  title     = {Mapping interconnection choreography models to interaction choreography models},
  booktitle = {2nd Central-European Workshop on Services and their Composition, Services und ihre Komposition, {ZEUS} 2010, Berlin, Germany, February 25-26, 2010. Proceedings},
  year      = {2010},
  editor    = {Christian Gierds and Jan S{\"{u}}rmeli},
  volume    = {563},
  series    = {{CEUR} Workshop Proceedings},
  pages     = {81--88},
  publisher = {CEUR-WS.org},
  bibsource = {dblp computer science bibliography, http://dblp.org},
  biburl    = {http://dblp.uni-trier.de/rec/bib/conf/zeus/KoppLW10},
  timestamp = {Mon, 30 May 2016 16:43:12 +0200},
  url       = {http://ceur-ws.org/Vol-563/paper10.pdf},
}

@InProceedings{KoppEberleLeymannEtAl2010,
  author    = {Oliver Kopp and Hanna Eberle and Frank Leymann and Tobias Unger},
  title     = {The Subprocess Spectrum},
  booktitle = {{INFORMATIK} 2010 - Business Process and Service Science - Proceedings of {ISSS} and BPSC, September 27 - October 1, 2010 in Leipzig, Germany},
  year      = {2010},
  editor    = {Witold Abramowicz and Rainer Alt and Klaus{-}Peter F{\"{a}}hnrich and Bogdan Franczyk and Leszek A. Maciaszek},
  volume    = {177},
  series    = {{LNI}},
  pages     = {267--279},
  publisher = {{GI}},
  bibsource = {dblp computer science bibliography, http://dblp.org},
  biburl    = {http://dblp.uni-trier.de/rec/bib/conf/bpsc/KoppELU10},
  timestamp = {Tue, 15 Mar 2016 11:26:11 +0100},
  url       = {http://subs.emis.de/LNI/Proceedings/Proceedings177/article6191.html},
}

@InProceedings{WielandMartinKoppEtAl2009,
  author    = {Matthias Wieland and Daniel Martin and Oliver Kopp and Frank Leymann},
  title     = {{SOEDA:} {A} Method for Specification and Implementation of Applications on a Service-Oriented Event-Driven Architecture},
  booktitle = {Business Information Systems, 12th International Conference, {BIS} 2009, Poznan, Poland, April 27-29, 2009. Proceedings},
  year      = {2009},
  editor    = {Witold Abramowicz},
  volume    = {21},
  series    = {Lecture Notes in Business Information Processing},
  pages     = {193--204},
  publisher = {Springer},
  bibsource = {dblp computer science bibliography, http://dblp.org},
  biburl    = {http://dblp.uni-trier.de/rec/bib/conf/bis/WielandMKL09},
  doi       = {10.1007/978-3-642-01190-0_17},
  timestamp = {Mon, 11 May 2009 22:46:43 +0200},
  url       = {http://dx.doi.org/10.1007/978-3-642-01190-0_17},
}

@Proceedings{KoppLohmann2009,
  title     = {1st Central-European Workshop on Services and their Composition, {ZEUS} 2009, Stuttgart, Germany, March 2-3, 2009. Proceedings},
  year      = {2009},
  editor    = {Oliver Kopp and Niels Lohmann},
  volume    = {438},
  series    = {{CEUR} Workshop Proceedings},
  publisher = {CEUR-WS.org},
  bibsource = {dblp computer science bibliography, http://dblp.org},
  biburl    = {http://dblp.uni-trier.de/rec/bib/conf/zeus/2009},
  timestamp = {Mon, 30 May 2016 01:00:00 +0200},
  url       = {http://ceur-ws.org/Vol-438},
}

@InProceedings{BischofKoppLessenEtAl2009,
  author    = {Marc Bischof and Oliver Kopp and Tammo van Lessen and Frank Leymann},
  title     = {BPELscript: {A} Simplified Script Syntax for {WS-BPEL} 2.0},
  booktitle = {35th Euromicro Conference on Software Engineering and Advanced Applications, {SEAA} 2009, Patras, Greece, August 27-29, 2009, Proceedings},
  year      = {2009},
  pages     = {39--46},
  publisher = {{IEEE} Computer Society},
  bibsource = {dblp computer science bibliography, http://dblp.org},
  biburl    = {http://dblp.uni-trier.de/rec/bib/conf/euromicro/BischofKLL09},
  doi       = {10.1109/SEAA.2009.21},
  timestamp = {Wed, 17 Feb 2016 00:00:00 +0100},
  url       = {http://dx.doi.org/10.1109/SEAA.2009.21},
}

@InProceedings{KoppLeymann2009,
  author    = {Oliver Kopp and Frank Leymann},
  title     = {Do we need internal behavior in choreography models?},
  booktitle = {1st Central-European Workshop on Services and their Composition, {ZEUS} 2009, Stuttgart, Germany, March 2-3, 2009. Proceedings},
  year      = {2009},
  editor    = {Oliver Kopp and Niels Lohmann},
  volume    = {438},
  series    = {{CEUR} Workshop Proceedings},
  pages     = {68--73},
  publisher = {CEUR-WS.org},
  bibsource = {dblp computer science bibliography, http://dblp.org},
  biburl    = {http://dblp.uni-trier.de/rec/bib/conf/zeus/KoppL09},
  timestamp = {Mon, 30 May 2016 16:57:34 +0200},
  url       = {http://ceur-ws.org/Vol-438/paper11.pdf},
}

@InProceedings{KoppWielandLeymann2009,
  author    = {Oliver Kopp and Matthias Wieland and Frank Leymann},
  title     = {External and Internal Events in EPCs: e\({}^{\mbox{2}}\)EPCs},
  booktitle = {Business Process Management Workshops, {BPM} 2009 International Workshops, Ulm, Germany, September 7, 2009. Revised Papers},
  year      = {2009},
  editor    = {Stefanie Rinderle{-}Ma and Shazia Wasim Sadiq and Frank Leymann},
  volume    = {43},
  series    = {Lecture Notes in Business Information Processing},
  pages     = {381--392},
  publisher = {Springer},
  bibsource = {dblp computer science bibliography, http://dblp.org},
  biburl    = {http://dblp.uni-trier.de/rec/bib/conf/bpm/KoppWL09},
  doi       = {10.1007/978-3-642-12186-9_36},
  timestamp = {Wed, 14 Apr 2010 15:27:11 +0200},
  url       = {http://dx.doi.org/10.1007/978-3-642-12186-9_36},
}

@InProceedings{MonakovaKoppLeymann2009,
  author    = {Ganna Monakova and Oliver Kopp and Frank Leymann},
  title     = {Improving control flow verification in a business process using an extended Petri net},
  booktitle = {1st Central-European Workshop on Services and their Composition, {ZEUS} 2009, Stuttgart, Germany, March 2-3, 2009. Proceedings},
  year      = {2009},
  editor    = {Oliver Kopp and Niels Lohmann},
  volume    = {438},
  series    = {{CEUR} Workshop Proceedings},
  pages     = {95--101},
  publisher = {CEUR-WS.org},
  bibsource = {dblp computer science bibliography, http://dblp.org},
  biburl    = {http://dblp.uni-trier.de/rec/bib/conf/zeus/MonakovaKL09},
  timestamp = {Mon, 30 May 2016 16:57:34 +0200},
  url       = {http://ceur-ws.org/Vol-438/paper15.pdf},
}

@Article{DeckerKoppLeymannEtAl2009,
  author    = {Gero Decker and Oliver Kopp and Frank Leymann and Mathias Weske},
  title     = {Interacting services: From specification to execution},
  journal   = {Data Knowl. Eng.},
  year      = {2009},
  volume    = {68},
  number    = {10},
  pages     = {946--972},
  bibsource = {dblp computer science bibliography, http://dblp.org},
  biburl    = {http://dblp.uni-trier.de/rec/bib/journals/dke/DeckerKLW09},
  doi       = {10.1016/j.datak.2009.04.003},
  timestamp = {Thu, 03 Sep 2009 01:00:00 +0200},
  url       = {http://dx.doi.org/10.1016/j.datak.2009.04.003},
}

@InProceedings{EberleKoppUngerEtAl2009,
  author    = {Hanna Eberle and Oliver Kopp and Tobias Unger and Frank Leymann},
  title     = {Retry Scopes to Enable Robust Workflow Execution in Pervasive Environments},
  booktitle = {Service-Oriented Computing. ICSOC/ServiceWave 2009 Workshops - International Workshops, ICSOC/ServiceWave 2009, Stockholm, Sweden, November 23-27, 2009, Revised Selected Papers},
  year      = {2009},
  editor    = {Asit Dan and Frederic Gittler and Farouk Toumani},
  volume    = {6275},
  series    = {Lecture Notes in Computer Science},
  pages     = {358--369},
  bibsource = {dblp computer science bibliography, http://dblp.org},
  biburl    = {http://dblp.uni-trier.de/rec/bib/conf/icsoc/EberleKUL09},
  doi       = {10.1007/978-3-642-16132-2_34},
  timestamp = {Fri, 24 Sep 2010 12:57:23 +0200},
  url       = {http://dx.doi.org/10.1007/978-3-642-16132-2_34},
}

@Article{KoppMartinWutkeEtAl2009,
  author    = {Oliver Kopp and Daniel Martin and Daniel Wutke and Frank Leymann},
  title     = {The Difference Between Graph-Based and Block-Structured Business Process Modelling Languages},
  journal   = {Enterprise Modelling and Information Systems Architectures},
  year      = {2009},
  volume    = {4},
  number    = {1},
  pages     = {3--13},
  bibsource = {dblp computer science bibliography, http://dblp.org},
  biburl    = {http://dblp.uni-trier.de/rec/bib/journals/emisaij/KoppMWL09},
  timestamp = {Thu, 17 Mar 2016 00:00:00 +0100},
  url       = {https://www.emisa-journal.org/emisa/article/view/54},
}

@InProceedings{KoppMietznerLeymann2009,
  author    = {Oliver Kopp and Ralph Mietzner and Frank Leymann},
  title     = {The Influence of an External Transaction on a {BPEL} Scope},
  booktitle = {On the Move to Meaningful Internet Systems: {OTM} 2009, Confederated International Conferences, CoopIS, DOA, IS, and {ODBASE} 2009, Vilamoura, Portugal, November 1-6, 2009, Proceedings, Part {I}},
  year      = {2009},
  editor    = {Robert Meersman and Tharam S. Dillon and Pilar Herrero},
  volume    = {5870},
  series    = {Lecture Notes in Computer Science},
  pages     = {381--388},
  publisher = {Springer},
  bibsource = {dblp computer science bibliography, http://dblp.org},
  biburl    = {http://dblp.uni-trier.de/rec/bib/conf/otm/KoppML09},
  doi       = {10.1007/978-3-642-05148-7_27},
  timestamp = {Sun, 08 Nov 2009 21:19:42 +0100},
  url       = {http://dx.doi.org/10.1007/978-3-642-05148-7_27},
}

@InProceedings{KoppWielandLeymann2009a,
  author    = {Oliver Kopp and Matthias Wieland and Frank Leymann},
  title     = {Towards choreography transactions},
  booktitle = {1st Central-European Workshop on Services and their Composition, {ZEUS} 2009, Stuttgart, Germany, March 2-3, 2009. Proceedings},
  year      = {2009},
  editor    = {Oliver Kopp and Niels Lohmann},
  volume    = {438},
  series    = {{CEUR} Workshop Proceedings},
  pages     = {49--54},
  publisher = {CEUR-WS.org},
  bibsource = {dblp computer science bibliography, http://dblp.org},
  biburl    = {http://dblp.uni-trier.de/rec/bib/conf/zeus/KoppWL09},
  timestamp = {Mon, 30 May 2016 16:57:34 +0200},
  url       = {http://ceur-ws.org/Vol-438/paper8.pdf},
}

@InProceedings{MonakovaKoppLeymannEtAl2009,
  author    = {Ganna Monakova and Oliver Kopp and Frank Leymann and Simon Moser and Klaus Sch{\"{a}}fers},
  title     = {Verifying Business Rules Using an {SMT} Solver for {BPEL} Processes},
  booktitle = {Business Process, Services Computing and Intelligent Service Management, Leipzig, Germany, March 23-25, 2009},
  year      = {2009},
  editor    = {Witold Abramowicz and Leszek A. Maciaszek and Ryszard Kowalczyk and Andreas Speck},
  volume    = {147},
  series    = {{LNI}},
  pages     = {81--94},
  publisher = {{GI}},
  bibsource = {dblp computer science bibliography, http://dblp.org},
  biburl    = {http://dblp.uni-trier.de/rec/bib/conf/bpsc/MonakovaKLMS09},
  timestamp = {Tue, 31 May 2011 01:00:00 +0200},
  url       = {http://subs.emis.de/LNI/Proceedings/Proceedings147/article2475.html},
}

@InProceedings{KoppWetzsteinMietznerEtAl2008,
  author    = {Oliver Kopp and Branimir Wetzstein and Ralph Mietzner and Stefan Pottinger and Dimka Karastoyanova and Frank Leymann},
  title     = {A Model-Driven Approach to Implementing Coordination Protocols in {BPEL}},
  booktitle = {Business Process Management Workshops, {BPM} 2008 International Workshops, Milano, Italy, September 1-4, 2008. Revised Papers},
  year      = {2008},
  editor    = {Danilo Ardagna and Massimo Mecella and Jian Yang},
  volume    = {17},
  series    = {Lecture Notes in Business Information Processing},
  pages     = {188--199},
  publisher = {Springer},
  bibsource = {dblp computer science bibliography, http://dblp.org},
  biburl    = {http://dblp.uni-trier.de/rec/bib/conf/bpm/KoppWMPKL08},
  doi       = {10.1007/978-3-642-00328-8_19},
  timestamp = {Mon, 17 Aug 2009 15:36:13 +0200},
  url       = {http://dx.doi.org/10.1007/978-3-642-00328-8_19},
}

@Article{DeckerKoppBarros2008,
  author    = {Gero Decker and Oliver Kopp and Alistair P. Barros},
  title     = {An Introduction to Service Choreographies (Servicechoreographien - eine Einf{\"{u}}hrung)},
  journal   = {it - Information Technology},
  year      = {2008},
  volume    = {50},
  number    = {2},
  pages     = {122--127},
  bibsource = {dblp computer science bibliography, http://dblp.org},
  biburl    = {http://dblp.uni-trier.de/rec/bib/journals/it/DeckerKB08},
  doi       = {10.1524/itit.2008.0473},
  timestamp = {Sat, 11 Dec 2010 00:00:00 +0100},
  url       = {http://dx.doi.org/10.1524/itit.2008.0473},
}

@Article{KoppLeymann2008,
  author    = {Oliver Kopp and Frank Leymann},
  title     = {Choreography Design Using {WS-BPEL}},
  journal   = {{IEEE} Data Eng. Bull.},
  year      = {2008},
  volume    = {31},
  number    = {3},
  pages     = {31--34},
  bibsource = {dblp computer science bibliography, http://dblp.org},
  biburl    = {http://dblp.uni-trier.de/rec/bib/journals/debu/KoppL08},
  timestamp = {Fri, 26 Sep 2008 01:00:00 +0200},
  url       = {http://sites.computer.org/debull/A08Sept/kopp.pdf},
}

@InProceedings{KoppKhalafLeymann2008,
  author    = {Oliver Kopp and Rania Khalaf and Frank Leymann},
  title     = {Deriving Explicit Data Links in {WS-BPEL} Processes},
  booktitle = {2008 {IEEE} International Conference on Services Computing {(SCC} 2008), 8-11 July 2008, Honolulu, Hawaii, {USA}},
  year      = {2008},
  pages     = {367--376},
  publisher = {{IEEE} Computer Society},
  bibsource = {dblp computer science bibliography, http://dblp.org},
  biburl    = {http://dblp.uni-trier.de/rec/bib/conf/IEEEscc/KoppKL08},
  doi       = {10.1109/SCC.2008.122},
  timestamp = {Wed, 02 Dec 2015 00:00:00 +0100},
  url       = {http://dx.doi.org/10.1109/SCC.2008.122},
}

@Article{KhalafKoppLeymann2008,
  author    = {Rania Khalaf and Oliver Kopp and Frank Leymann},
  title     = {Maintaining Data Dependencies across {BPEL} Process Fragments},
  journal   = {Int. J. Cooperative Inf. Syst.},
  year      = {2008},
  volume    = {17},
  number    = {3},
  pages     = {259--282},
  bibsource = {dblp computer science bibliography, http://dblp.org},
  biburl    = {http://dblp.uni-trier.de/rec/bib/journals/ijcis/KhalafKL08},
  doi       = {10.1142/S0218843008001828},
  timestamp = {Wed, 05 Nov 2008 00:00:00 +0100},
  url       = {http://dx.doi.org/10.1142/S0218843008001828},
}

@InProceedings{DeckerKoppLeymannEtAl2008,
  author    = {Gero Decker and Oliver Kopp and Frank Leymann and Kerstin Pfitzner and Mathias Weske},
  title     = {Modeling Service Choreographies Using {BPMN} and BPEL4Chor},
  booktitle = {Advanced Information Systems Engineering, 20th International Conference, CAiSE 2008, Montpellier, France, June 16-20, 2008, Proceedings},
  year      = {2008},
  editor    = {Zohra Bellahsene and Michel L{\'{e}}onard},
  volume    = {5074},
  series    = {Lecture Notes in Computer Science},
  pages     = {79--93},
  publisher = {Springer},
  bibsource = {dblp computer science bibliography, http://dblp.org},
  biburl    = {http://dblp.uni-trier.de/rec/bib/conf/caise/DeckerKLPW08},
  doi       = {10.1007/978-3-540-69534-9_6},
  timestamp = {Wed, 11 Jun 2008 11:38:30 +0200},
  url       = {http://dx.doi.org/10.1007/978-3-540-69534-9_6},
}

@InProceedings{KoppMartinWutkeEtAl2008,
  author    = {Oliver Kopp and Daniel Martin and Daniel Wutke and Frank Leymann},
  title     = {On the Choice Between Graph-Based and Block-Structured Business Process Modeling Languages},
  booktitle = {Modellierung betrieblicher Informationssysteme - Modellierung zwischen {SOA} und Compliance Management - 27.-28. November 2008 Saarbr{\"{u}}cken, Germany},
  year      = {2008},
  editor    = {Peter Loos and Markus N{\"{u}}ttgens and Klaus Turowski and Dirk Werth},
  volume    = {141},
  series    = {{LNI}},
  pages     = {59--72},
  publisher = {{GI}},
  bibsource = {dblp computer science bibliography, http://dblp.org},
  biburl    = {http://dblp.uni-trier.de/rec/bib/conf/mobis/KoppMWL08},
  timestamp = {Tue, 31 May 2011 01:00:00 +0200},
  url       = {http://subs.emis.de/LNI/Proceedings/Proceedings141/article2307.html},
}

@InProceedings{LohmannKoppLeymannEtAl2007,
  author    = {Niels Lohmann and Oliver Kopp and Frank Leymann and Wolfgang Reisig},
  title     = {Analyzing BPEL4Chor: Verification and Participant Synthesis},
  booktitle = {Web Services and Formal Methods, 4th International Workshop, {WS-FM} 2007, Brisbane, Australia, September 28-29, 2007. Proceedings},
  year      = {2007},
  editor    = {Marlon Dumas and Reiko Heckel},
  volume    = {4937},
  series    = {Lecture Notes in Computer Science},
  pages     = {46--60},
  publisher = {Springer},
  bibsource = {dblp computer science bibliography, http://dblp.org},
  biburl    = {http://dblp.uni-trier.de/rec/bib/conf/wsfm/LohmannKLR07},
  doi       = {10.1007/978-3-540-79230-7_4},
  timestamp = {Tue, 15 Apr 2008 11:12:04 +0200},
  url       = {http://dx.doi.org/10.1007/978-3-540-79230-7_4},
}

@InProceedings{DeckerKoppLeymannEtAl2007,
  author    = {Gero Decker and Oliver Kopp and Frank Leymann and Mathias Weske},
  title     = {BPEL4Chor: Extending {BPEL} for Modeling Choreographies},
  booktitle = {2007 {IEEE} International Conference on Web Services {(ICWS} 2007), July 9-13, 2007, Salt Lake City, Utah, {USA}},
  year      = {2007},
  pages     = {296--303},
  publisher = {{IEEE} Computer Society},
  bibsource = {dblp computer science bibliography, http://dblp.org},
  biburl    = {http://dblp.uni-trier.de/rec/bib/conf/icws/DeckerKLW07},
  doi       = {10.1109/ICWS.2007.59},
  timestamp = {Thu, 20 Aug 2015 01:00:00 +0200},
  url       = {http://dx.doi.org/10.1109/ICWS.2007.59},
}

@InProceedings{KoppEberleUngerEtAl2007,
  author    = {Oliver Kopp and Hanna Eberle and Tobias Unger and Frank Leymann},
  title     = {From Process Models to Business Landscapes},
  booktitle = {6. Workshop der Gesellschaft f{\"{u}}r Informatik e.V. {(GI)} und Treffen ihres Arbeitskreises "Gesch{\"{a}}ftsprozessmanagement mit Ereignisgesteuerten Prozessketten (WI-EPK)" St. Augustin, 29. November - 30. November 2007},
  year      = {2007},
  editor    = {Markus N{\"{u}}ttgens and Frank J. Rump and Andreas Gadatsch},
  volume    = {303},
  series    = {{CEUR} Workshop Proceedings},
  pages     = {7--22},
  publisher = {CEUR-WS.org},
  bibsource = {dblp computer science bibliography, http://dblp.org},
  biburl    = {http://dblp.uni-trier.de/rec/bib/conf/epk/KoppEUL07},
  timestamp = {Mon, 30 May 2016 16:57:35 +0200},
  url       = {http://ceur-ws.org/Vol-303/epk2007-paper1.pdf},
}

@InProceedings{KhalafKoppLeymann2007,
  author    = {Rania Khalaf and Oliver Kopp and Frank Leymann},
  title     = {Maintaining Data Dependencies Across {BPEL} Process Fragments},
  booktitle = {Service-Oriented Computing - {ICSOC} 2007, Fifth International Conference, Vienna, Austria, September 17-20, 2007, Proceedings},
  year      = {2007},
  editor    = {Bernd J. Kr{\"{a}}mer and Kwei{-}Jay Lin and Priya Narasimhan},
  volume    = {4749},
  series    = {Lecture Notes in Computer Science},
  pages     = {207--219},
  publisher = {Springer},
  bibsource = {dblp computer science bibliography, http://dblp.org},
  biburl    = {http://dblp.uni-trier.de/rec/bib/conf/icsoc/KhalafKL07},
  doi       = {10.1007/978-3-540-74974-5_17},
  timestamp = {Fri, 31 Aug 2007 12:13:15 +0200},
  url       = {http://dx.doi.org/10.1007/978-3-540-74974-5_17},
}

@InProceedings{PfitznerDeckerKoppEtAl2007,
  author    = {Kerstin Pfitzner and Gero Decker and Oliver Kopp and Frank Leymann},
  title     = {Web Service Choreography Configurations for {BPMN}},
  booktitle = {Service-Oriented Computing - {ICSOC} 2007 Workshops, International Workshops, Vienna, Austria, September 17, 2007, Revised Selected Papers},
  year      = {2007},
  editor    = {Elisabetta Di Nitto and Matei Ripeanu},
  volume    = {4907},
  series    = {Lecture Notes in Computer Science},
  pages     = {401--412},
  publisher = {Springer},
  bibsource = {dblp computer science bibliography, http://dblp.org},
  biburl    = {http://dblp.uni-trier.de/rec/bib/conf/icsoc/PfitznerDKL07},
  doi       = {10.1007/978-3-540-93851-4_39},
  timestamp = {Fri, 16 Jan 2009 14:26:18 +0100},
  url       = {http://dx.doi.org/10.1007/978-3-540-93851-4_39},
}

@InProceedings{KoppUngerLeymann2006,
  author    = {Oliver Kopp and Tobias Unger and Frank Leymann},
  title     = {Nautilus Event-driven Process Chains: Syntax, Semantics, and their Mapping to {BPEL}},
  booktitle = {5. Workshop der Gesellschaft f{\"{u}}r Informatik e.V. {(GI)} und Treffen ihres Arbeitskreises "Gesch{\"{a}}ftsprozessmanagement mit Ereignisgesteuerten Prozessketten (WI-EPK)", Wien, 30. November - 01. Dezember 2006},
  year      = {2006},
  editor    = {Markus N{\"{u}}ttgens and Frank J. Rump and Jan Mendling},
  volume    = {224},
  series    = {{CEUR} Workshop Proceedings},
  pages     = {85--104},
  publisher = {CEUR-WS.org},
  bibsource = {dblp computer science bibliography, http://dblp.org},
  biburl    = {http://dblp.uni-trier.de/rec/bib/conf/epk/KoppUL06},
  timestamp = {Mon, 30 May 2016 16:57:35 +0200},
  url       = {http://ceur-ws.org/Vol-224/epk2006-paper5.pdf},
}

@InCollection{FrenzelLorenzScheinEtAl2012,
  author    = {Frenzel, Heiko and Lorenz, Michael and Schein, Friedrich-L and Lajn, Alexander and Kl{\"u}pfel, Fabian J and Diez, Tobias and von Wenckstern, Holger and Grundmann, Marius},
  title     = {Metal-Semiconductor Field-Effect Transistors and Integrated Circuits Based on ZnO and Related Oxides},
  booktitle = {Handbook of Zinc Oxide and Related Materials: Devices and Nano-Engineering},
  publisher = {CRC Press},
  year      = {2012},
  volume    = {2},
  pages     = {369--434},
}

@Article{LajnDiezScheinEtAl2011,
  author    = {Lajn, A and Diez, T and Schein, F and Frenzel, H and von Wenckstern, H and Grundmann, M},
  title     = {Light and temperature stability of fully transparent ZnO-based inverter circuits},
  journal   = {Electron Device Letters, IEEE},
  year      = {2011},
  volume    = {32},
  number    = {4},
  pages     = {515--517},
  publisher = {IEEE},
}

@InProceedings{SkoienAlverAlfredsen2014,
  author    = {Kristoffer Rist Skoien and Morten Omholt Alver and Jo Arve Alfredsen},
  title     = {A computer vision approach for detection and quantification of feed particles in marine fish farms},
  booktitle = {2014 {IEEE} International Conference on Image Processing, {ICIP} 2014, Paris, France, October 27-30, 2014},
  year      = {2014},
  pages     = {1648--1652},
  publisher = {{IEEE}},
  bibsource = {dblp computer science bibliography, http://dblp.org},
  biburl    = {http://dblp.uni-trier.de/rec/bib/conf/icip/SkoienAA14},
  doi       = {10.1109/ICIP.2014.7025330},
  timestamp = {Thu, 26 Feb 2015 13:54:18 +0100},
  url       = {http://dx.doi.org/10.1109/ICIP.2014.7025330},
}

@Article{AttramadalOieStorsethEtAl2012,
  author    = {Attramadal, Kari JK and {\O}ie, Gunvor and St{\o}rseth, Trond R and Alver, Morten O and Vadstein, Olav and Olsen, Yngvar},
  title     = {The effects of moderate ozonation or high intensity UV-irradiation on the microbial environment in RAS for marine larvae},
  journal   = {Aquaculture},
  year      = {2012},
  volume    = {330},
  pages     = {121--129},
  publisher = {Elsevier},
}

@Article{AlverTennoyAlfredsenEtAl2007,
  author    = {Alver, Morten Omholt and Tenn{\o}y, Torodd and Alfredsen, Jo Arve and {\O}ie, Gunvor},
  title     = {Automatic measurement of rotifer Brachionus plicatilis densities in first feeding tanks},
  journal   = {Aquacultural engineering},
  year      = {2007},
  volume    = {36},
  number    = {2},
  pages     = {115--121},
  publisher = {Elsevier},
}

@Article{BrochEllingsenForbordEtAl2013,
  author  = {Broch, Ole Jacob and Ellingsen, Ingrid Helene and Forbord, Silje and Wang, Xinxin and Volent, Zsolt and Alver, Morten Omholt and Hand{\aa}, Aleksander and Andresen, Kjersti and Slagstad, Dag and Reitan, KIR and others},
  title   = {Modelling the cultivation and bioremediation potential of the kelp Saccharina latissima in close proximity to an exposed salmon farm in Norway},
  journal = {Aquaculture Environment Interactions},
  year    = {2013},
  volume  = {4},
  number  = {2},
  pages   = {187--206},
}

@Article{AlverHanckeSakshaugEtAl2014,
  author    = {Alver, Morten O and Hancke, Kasper and Sakshaug, Egil and Slagstad, Dag},
  title     = {A spectrally-resolved light propagation model for aquatic systems: Steps toward parameterizing primary production},
  journal   = {Journal of Marine Systems},
  year      = {2014},
  volume    = {130},
  pages     = {134--146},
  publisher = {Elsevier},
}

@Article{AlverAlfredsenSigholt2004,
  author    = {Alver, Morten Omholt and Alfredsen, Jo Arve and Sigholt, Trygve},
  title     = {Dynamic modelling of pellet distribution in Atlantic salmon (Salmo salar L.) cages},
  journal   = {Aquacultural engineering},
  year      = {2004},
  volume    = {31},
  number    = {1},
  pages     = {51--72},
  publisher = {Elsevier},
}

@Article{AlverAlfredsenOlsen2006,
  author    = {Alver, Morten Omholt and Alfredsen, Jo Arve and Olsen, Yngvar},
  title     = {An individual-based population model for rotifer (Brachionus plicatilis) cultures},
  journal   = {Hydrobiologia},
  year      = {2006},
  volume    = {560},
  number    = {1},
  pages     = {93--108},
  publisher = {Springer},
}

@Article{LoiselMorel1998,
  author    = {Loisel, Hubert and Morel, Andre},
  title     = {Light scattering and chlorophyll concentration in case 1 waters: A reexamination},
  journal   = {Limnology and Oceanography},
  year      = {1998},
  volume    = {43},
  number    = {5},
  pages     = {847--858},
  publisher = {Wiley Online Library},
}

@Article{AlverStoroyBardalEtAl2011,
  author    = {Alver, Morten Omholt and Stor{\o}y, Werner and Bardal, Tora and Overrein, Ingrid and Ons{\o}yen, Mathias Karlsen and Tenn{\o}y, Torodd and {\O}ie, Gunvor},
  title     = {Automatic measurement of Acartia tonsa nauplii density, and estimation of stage distribution},
  journal   = {Aquaculture},
  year      = {2011},
  volume    = {313},
  number    = {1},
  pages     = {100--106},
  publisher = {Elsevier},
}

@Article{AlverAlfredsenOie2007,
  author    = {Alver, Morten Omholt and Alfredsen, Jo Arve and {\O}ie, Gunvor},
  title     = {Estimating larval density in cod (Gadus morhua) first feeding tanks using measurements of feed density and larval growth rates},
  journal   = {Aquaculture},
  year      = {2007},
  volume    = {268},
  number    = {1},
  pages     = {216--226},
  publisher = {Elsevier},
}

@Article{HovlandHanckeAlverEtAl2014,
  author    = {Hovland, Erlend Kjeldsberg and Hancke, Kasper and Alver, Morten Omholt and Drinkwater, Ken and H{\o}kedal, Jo and Johnsen, Geir and Moline, Mark and Sakshaug, Egil},
  title     = {Optical impact of an Emiliania huxleyi bloom in the frontal region of the Barents Sea},
  journal   = {Journal of Marine Systems},
  year      = {2014},
  volume    = {130},
  pages     = {228--240},
  publisher = {Elsevier},
}

@Article{Kirk1989,
  author    = {Kirk, JTO},
  title     = {The upwelling light stream in natural waters},
  journal   = {Limnology and Oceanography},
  year      = {1989},
  volume    = {34},
  number    = {8},
  pages     = {1410--1425},
  publisher = {Wiley Online Library},
}

@Article{AlverAlfredsenOieEtAl2010,
  author    = {Alver, Morten Omholt and Alfredsen, Jo Arve and {\O}ie, Gunvor and Stor{\o}y, Werner and Olsen, Yngvar},
  title     = {Automatic control of growth and density in rotifer cultures},
  journal   = {Aquacultural engineering},
  year      = {2010},
  volume    = {43},
  number    = {1},
  pages     = {6--13},
  publisher = {Elsevier},
}

@Article{MiljeteigOlsenBatnesEtAl2014,
  author    = {Miljeteig, Cecilie and Olsen, Anders Johny and B{\aa}tnes, Anna S and Altin, Dag and Nordtug, Trond and Alver, Morten O and Speed, James DM and Jenssen, Bj{\o}rn Munro},
  title     = {Sex and life stage dependent phototactic response of the marine copepod Calanus finmarchicus (Copepoda: Calanoida)},
  journal   = {Journal of Experimental Marine Biology and Ecology},
  year      = {2014},
  volume    = {451},
  pages     = {16--24},
  publisher = {Elsevier},
}

@Article{AlverAlfredsenOie2005,
  author    = {Alver, Morten O and Alfredsen, Jo A and {\O}ie, Gunvor},
  title     = {A system for model-based biomass estimation of larvae in intensive cod larvicultures},
  journal   = {Aquaculture International},
  year      = {2005},
  volume    = {13},
  number    = {6},
  pages     = {519--541},
  publisher = {Springer},
}

@Article{AlverTennoyAlfredsenEtAl2008,
  author    = {Alver, Morten Omholt and Tenn{\o}y, Torodd and Alfredsen, Jo Arve and {\O}ie, Gunvor and Olsen, Yngvar},
  title     = {Automatic control of rotifer density in larval first feeding tanks},
  journal   = {Control Engineering Practice},
  year      = {2008},
  volume    = {16},
  number    = {3},
  pages     = {347--355},
  publisher = {Elsevier},
}

@Comment{jabref-meta: databaseType:bibtex;}
