% Encoding: UTF-8


@Other{test,
  Comment                  = {testentry}
}

