% Encoding: UTF-8

@Article{ostgaard2002,
  author = {Foo Bar},
  title =  {energy},
  year =   {2012}
}

@Comment{jabref-meta: DATABASE_TYPE:BibTeX;}

@Comment{jabref-meta: saveActions:enabled;
pages[PageNumbersFormatter,DateFormatter]
title[LowerCaseChanger]
;}

@Comment{jabref-meta: saveOrderConfig:original;;false;;false;;false;}
