@Article{,
  title = {S2},
}

@Article{,
  title = {g2},
}

@Article{,
  title = {n},
}

@Article{,
  title = {Sg},
}

@Article{,
  title = {Sg3},
}

@Article{,
  title = {Sg2},
}

@Article{,
  title = {S},
}

@Article{,
  title = {S3},
}

@Article{,
  title = {g},
}

@Article{,
  title = {g3},
}

@Article{,
  title = {n},
}

@Article{,
  title = {n3},
}

@Comment{jabref-meta: databaseType:bibtex;}

@Comment{jabref-meta: grouping:
0 AllEntriesGroup:;
1 SearchGroup:g\;0\;g\;0\;0\;1\;\;\;\;;
}
