% Encoding: UTF-8

@Article{author2017title,
  author  = {Author},
  title   = {Title},
  journal = {Journal},
  year    = {2017},
  groups  = {group},
}

@Comment{jabref-meta: databaseType:bibtex;}

@Comment{jabref-meta: unkown:
0 AllEntriesGroup:;
1 ExplicitGroup:group\;0\;;
1 ExplicitGroup:anothergroup\;0\;;
}
