% Encoding: UTF-8

@Book{moran,
  title      = {Design Rationale: Concepts, Techniques, and Use},
  publisher  = {L. Erlbaum Associates Inc. Hillsdale, NJ, USA ©1996},
  year       = {1996},
  author     = {Thomas P. Moran},
  editor     = {John M. Carroll},
  references = {Rationale Management in Software Engineering: Concepts and Techniques},
}

@Article{kunz,
  author     = {KUNZ W., RITTEL H. W. J.:},
  title      = {Issues as elements of information systems},
  journal    = {Center for Urban and Regional Development, University of California},
  year       = {1970},
  references = {Software Engineering; Another extern node},
}

@Article{lee,
  author     = {Lee, J.; Lai, K.-Y},
  title      = {What’s in Design Rationale?},
  journal    = {Human-Computer Interaction},
  year       = {1991},
  references = {Rationale Management in Software Engineering: Concepts and Techniques},
}

@Article{mario,
  author     = {Mario Barbacci, Mark H. Klein, Thomas A. Longstaff, and Charles B. Weinstock},
  title      = {Quality Attributes},
  journal    = {echnical Report, CMU/SEI-95-TR-021},
  year       = {1995},
  references = {Rationale Management in Software Engineering: Concepts and Techniques},
}

@Article{steve,
  author     = {McConnell, Steve},
  title      = {Rapid Development},
  journal    = {Microsoft Press},
  year       = {1996},
  references = {Rationale Management in Software Engineering: Concepts and Techniques},
}

@Article{thang,
  author     = {Thang N. Nguyen},
  title      = {A decsion model for managing software development},
  year       = {1999},
  references = {Rationale Management in Software Engineering: Concepts and Techniques; Design Rationale: Concepts, Techniques, and Use;Extern NODE},
}

@Article{louridas,
  author     = {Louridas, P.; Loucopoulous, P.},
  title      = {Generic Model for Reflective Design},
  journal    = {ACM Transactions on Software Engineering and Methodology},
  year       = {2000},
  references = {Rationale Management in Software Engineering: Concepts and Techniques; What’s in Design Rationale?},
}

@Book{cooper,
  title      = {Inmates Are Running the Asylum, The: Why High-Tech Products},
  publisher  = {Sams Publishing},
  year       = {2004},
  author     = {Alan Cooper},
  references = {Rationale Management in Software Engineering: Concepts and Techniques},
}

@Article{klaas,
  author     = {Klaas Dellschaft},
  title      = {Cicero: Unterstützung von kollaborativen Entscheidungsprozessen},
  journal    = {Information Systems \& Semantic Web},
  year       = {2005},
  references = {Rationale Management in Software Engineering: Concepts and Techniques},
}

@Conference{herrmann,
  author     = {Andrea Herrmann, Barbara Paech},
  title      = {Rationale Management in Software Engineering: Concepts and Techniques},
  year       = {2006},
  references = {Software Engineering},
}

@Book{ludewig,
  title      = {Software Engineering},
  publisher  = {dpunkt.verlag},
  year       = {2013},
  author     = {Jochen Ludewig, Horst Lichter},
  references = {Rationale Management in Software Engineering: Concepts and Techniques},
}

@Article{jim,
  author     = {McCarthy, Jim},
  title      = {Dynamics of Software Development},
  journal    = {Microsoft Press},
  year       = {1995).},
  references = {Rationale Management in Software Engineering: Concepts and Techniques},
}

@Conference{tyree,
  author     = {J. Tyree ; A. Akerman},
  title      = {Architecture decisions: demystifying architecture},
  year       = {21 März 2005},
  references = {Rationale Management in Software Engineering: Concepts and Techniques},
}

@Comment{jabref-meta: databaseType:bibtex;}
