% Encoding: UTF-8

@Conference{Mustermann2016,
  author =       {Max Mustermann},
  title =        {Java Conference},
  booktitle =    {Java Booktitle},
  year =         {2016},
  editor =       {Maxima Musterfrau},
  volume =       {1},
  number =       {1},
  series =       {1},
  pages =        {3-9},
  address =      {Stuttgart},
  month =        {February},
  organization = {Java Org},
  publisher =    {Java Publisher},
  keywords =     {java}
}
