@misc{,
  title = {This is a test title}
}
@misc{,
  title = {This is also a test title}
}
