% Encoding: UTF-8

@book{raey,
  author = {5},
  journal = {Wirtschaftsinformatik},
  keywords = {software development processes; agile software development environments; time-to-market; Extreme Programming; Crystal methods family; Adaptive Software Development},
  language = {english},
  lccn = {0937-6429},
  issue = {3},
  pages = {237--248},
  publisher = {Gabler Verlag},
  title = {Agile Entwicklung Web-basierter Systeme},
  url = {http://dx.doi.org/10.1007/BF03250842},
  volume = {44},
  year = {2002}
}
