@Book{9780321356680,
  title     = {Effective Java},
  publisher = {Addison Wesley},
  year      = {2008},
  author    = {Joshua Bloch},
  date      = {2008-05-08},
  ean       = {9780321356680},
  isbn      = {0321356683},
  pagetotal = {384 Seiten},
  url       = {http://www.ebook.de/de/product/6441328/joshua_bloch_effective_java.html},
}