@Misc{,
  author = {Test},
  title  = {cASe},
}

@Misc{,
  author = {test},
  title  = {casE},
}

@Misc{,
  author = {tESt},
  title  = {Case},
}

@Misc{,
  author = {tesT},
  title  = {CASE},
}

@Misc{,
  author = {TEST},
  title  = {case},
}

@Comment{jabref-meta: databaseType:bibtex;}
