@Misc{entry1,
  author = {Test},
  title  = {Case},
  groups = {A},
}

@Misc{entry2,
  author = {TEST},
  title  = {CASE},
  groups = {A},
}

@Misc{entry3,
  author = {Hello},
  title  = {World},
  groups = {A},
}

@Misc{entry4,
  author = {HELLO},
  title  = {WORLD},
  groups = {A},
}

@Misc{entry5,
  author = {tesT},
  title  = {casE},
  groups = {B},
}

@Misc{entry6,
  author = {test},
  title  = {case},
  groups = {B},
}

@Misc{entry7,
  author = {hellO},
  title  = {worlD},
  groups = {B},
}

@Misc{entry8,
  author = {hello},
  title  = {world},
  groups = {B},
}

@Comment{jabref-meta: databaseType:bibtex;}

@Comment{jabref-meta: grouping:
0 AllEntriesGroup:;
1 StaticGroup:A\;0\;0\;0x8a8a8aff\;\;\;;
1 StaticGroup:B\;0\;1\;0x8a8a8aff\;\;\;;
}
