@Misc{minimal1,
  file = {:minimal.pdf:PDF},
}

@Misc{minimal2,
  file = {:minimal1.pdf:PDF},
}

@Misc{minimal3,
  file = {:minimal2.pdf:PDF},
}

@Misc{minimal-note1,
  file = {:minimal-note.pdf:PDF},
}

@Misc{minimal-note2,
  file = {:minimal-note1.pdf:PDF},
}

@Misc{minimal-note3,
  file = {:minimal-note2.pdf:PDF},
}

@Comment{jabref-meta: databaseType:bibtex;}

@Comment{jabref-meta: fileDirectory:.;}

@Comment{jabref-meta: saveActions:disabled;
all-text-fields[identity]
date[normalize_date]
month[normalize_month]
pages[normalize_page_numbers]
;}
