@Misc{test1,
  author = {Test},
  title  = {Case},
}

@Misc{user1,
  author = {User},
  title  = {case},
}

@Misc{test2,
  author = {test},
  title  = {text},
}

@Misc{special1,
  author = {Special},
  title  = {192? title.},
}

@Comment{jabref-meta: databaseType:bibtex;}
