% Encoding: UTF-8

@Article{GarridoKallstromKummEtAl2016,
    author    = {Mario Garrido and Petter Kallstrom and Martin Kumm and Oscar Gustafsson},
    title     = {{CORDIC} {II:} {A} New Improved {CORDIC} Algorithm},
    journal   = {{IEEE} Trans. on Circuits and Systems},
    year      = {2016},
    volume    = {63-II},
    number    = {2},
    pages     = {186--190},
    bibsource = {dblp computer science bibliography, http://dblp.org},
    biburl    = {http://dblp.uni-trier.de/rec/bib/journals/tcas/GarridoKKG16},
    doi       = {10.1109/TCSII.2015.2483422},
    timestamp = {Mon, 08 Feb 2016 00:00:00 +0100},
}

@InProceedings{GustafssonJohansson2015,
    author    = {Oscar Gustafsson and H{\aa}kan Johansson},
    title     = {Decimation filters for high-speed delta-sigma modulators with passband constraints: General versus CIC-based {FIR} filters},
    booktitle = {2015 {IEEE} International Symposium on Circuits and Systems, {ISCAS} 2015, Lisbon, Portugal, May 24-27, 2015},
    year      = {2015},
    pages     = {2205--2208},
    publisher = {{IEEE}},
    bibsource = {dblp computer science bibliography, http://dblp.org},
    biburl    = {http://dblp.uni-trier.de/rec/bib/conf/iscas/GustafssonJ15},
    doi       = {10.1109/ISCAS.2015.7169119},
    timestamp = {Wed, 05 Aug 2015 09:08:53 +0200},
}
