@InProceedings{Kopp2018,
  author    = {Kopp, Oliver and Armbruster, Anita and Zimmermann, Olaf},
  booktitle = {Proceedings of the 10th Central European Workshop on Services and their Composition ({ZEUS} 2018)},
  title     = {Markdown Architectural Decision Records: Format and Tool Support},
  year      = {2018},
  editor    = {Nico Herzberg and Christoph Hochreiner and Oliver Kopp and J{\"{o}}rg Lenhard},
  pages     = {55--62},
  publisher = {CEUR-WS.org},
  series    = {{CEUR} Workshop Proceedings},
  volume    = {2072},
  keywords  = {ADR, MADR, architecture decision records, architectural decision records, Nygard},
}

@Comment{jabref-meta: databaseType:bibtex;}
