% Encoding: UTF-8


@reallyunknowntype{test,
  Comment                  = {testentry}
}

