% Encoding: UTF-8

@InProceedings{Pautasso2015TowardsWorkflowBenchmarking,
  author =    {Pautasso, Cesare and Ferme, Vincenzo and Roller, Dieter and Leymann, Frank and Skouradaki, Marigianna},
  title =     {{Towards Workflow Benchmarking: Open Research Challenges}},
  booktitle = {Proceedings of the 16\textsuperscript{th} Conference on Database Systems for Business, Technology, and Web},
  year =      {2015},
  pages =     {1--20},
  address =   {Hamburg, Germany},
  month =     {March 2-6},
  file =      {:Pautasso2015TowardsWorkflowBenchmarking.pdf:PDF},
  keywords =  {benchflow}
}

@Comment{jabref-meta: saveActions:enabled;pages[PageNumbersFormatter]booktitle[SuperscriptFormatter];}
