% Encoding: UTF-8

@InProceedings{entry-with-rank1,
  author    = {author},
  title     = {title},
  booktitle = {booktitle},
  year      = {2016},
  keywords  = {rank1},
}

@InProceedings{entry-with-rank2,
  author    = {author},
  title     = {title},
  booktitle = {booktitle},
  year      = {2016},
  keywords  = {rank2},
}

@Comment{jabref-meta: databaseType:bibtex;}
