% Encoding: UTF-8

@article{,
  title = {Ãœ ist ein Umlaut},
}

@Comment{jabref-meta: databaseType:bibtex;}
