% Encoding: UTF-8

@Article{Test,
  author       = {{JabRef Developers}},
  title        = {Test},
  journaltitle = {Test},
  year         = {2012},
}

@Comment{jabref-meta: databaseType:biblatex;}
