% Encoding: UTF-8

@InProceedings{,
  author    = {test},
  address   = {New York City},
  journal   = {test},
}

@Comment{jabref-meta: databaseType:biblatex;}
