% Encoding: UTF-8
@Article{,
  shorttitle = {Title}
}

@Comment{jabref-meta: databaseType:bibtex;}
