% Encoding: UTF-8

@InProceedings{Grossmann_2005,
  author    = {M. Grossmann and M. Bauer and N. Honle and U.-P. Kappeler and D. Nicklas and T. Schwarz},
  title     = {Efficiently Managing Context Information for Large-Scale Scenarios},
  booktitle = {Third {IEEE} International Conference on Pervasive Computing and Communications},
  publisher = {{IEEE}},
  doi       = {10.1109/percom.2005.17},
  timestamp = {2018-01-31},
}

@Comment{jabref-meta: databaseType:biblatex;}
