@Article{,
  address    = {New York, NY, USA},
  author     = {Tony Clear},
  doi        = {http://doi.acm.org/10.1145/820127.820136},
  issn       = {0097-8418},
  journal    = {SIGCSE Bull.},
  number     = {4},
  pages      = {13--14},
  publisher  = {ACM},
  title      = {Design and usability in security systems: daily life as a context of use?},
  volume     = {34},
  year       = {2002},
}
