@Online{pgf/tikz,
    author    = {{The PGF/TikZ Team}},
    title     = {pgf -- Create PostScript and PDF graphics in TeX},
    url       = {https://ctan.org/pkg/pgf},
    year      = {2023},
    urldate   = {2023-01-16},
}

@Article{r/qtl,
    author    = {Broman, Karl W. and Wu, Hao and Sen, {\v{S}}aunak and Churchill, Gary A.},
    journal   = {Bioinformatics},
    title     = {R/qtl: {QTL} mapping in experimental crosses},
    year      = {2003},
    number    = {7},
    pages     = {889--890},
    volume    = {19},
    publisher = {Oxford University Press},
    doi       = {10.1093/bioinformatics/btg112},
}

@Online{java/jakarta,
    author    = {{Oracle/Eclipse Foundation}},
    title     = {Java EE/Jakarta EE Specifications},
    url       = {https://jakarta.ee/specifications/},
    year      = {2022},
    urldate   = {2022-11-20},
}

@TechReport{acm/ieee_joint,
    author      = {{ACM/IEEE Joint Task Force}},
    institution = {ACM/IEEE},
    title       = {Computing Curricula 2020: Paradigms for Global Computing Education},
    year        = {2020},
    type        = {Technical Report},
}

@Book{gnu/linux,
    author    = {Stallman, Richard M. and {GNU/Linux Community}},
    publisher = {Free Software Foundation},
    title     = {GNU/Linux Operating System: Freedom and Collaboration},
    year      = {2021},
    address   = {Boston, MA},
    edition   = {3},
}

@InProceedings{html/css/js,
    author    = {Berners-Lee, Tim and {W3C Working Group}},
    booktitle = {Proceedings of the Web Technologies Symposium},
    title     = {Evolution of Web Standards},
    year      = {2022},
    address   = {San Francisco, CA},
    pages     = {45--58},
    publisher = {ACM},
}

@Article{/leading,
    author    = {Johnson, Emily and Smith, Robert},
    journal   = {Journal of Computer Science},
    title     = {Leading Slash Notation in File Systems},
    year      = {2021},
    number    = {3},
    pages     = {112--125},
    volume    = {18},
    publisher = {Elsevier},
}

@Book{trailing/,
    author    = {Williams, David},
    publisher = {Springer},
    title     = {Directory Separator Conventions in Modern Operating Systems},
    year      = {2020},
    address   = {Berlin},
}

@Article{test@/example,
    author    = {Miller, Sarah and Jones, Thomas},
    journal   = {IEEE Software},
    title     = {Special Characters in Identifiers},
    year      = {2022},
    number    = {2},
    pages     = {78--92},
    volume    = {39},
    publisher = {IEEE},
}

@Online{doi/10.1000/xyz123,
    author    = {Brown, Jennifer and {Research Team}},
    title     = {Digital Object Identifiers in Citation Systems},
    url       = {https://doi.org/10.1000/xyz123},
    year      = {2023},
    urldate   = {2023-05-20},
}

@Article{ios/android,
    author    = {Chen, Wei and Park, Ji-Sung},
    journal   = {Mobile Computing},
    title     = {Comparative Analysis of Mobile Operating Systems},
    year      = {2022},
    number    = {4},
    pages     = {331--345},
    volume    = {15},
    publisher = {ACM},
}

@InProceedings{w3c/html/css,
    author    = {{W3C HTML/CSS Working Group}},
    booktitle = {Proceedings of the International Web Standards Conference},
    title     = {HTML5/CSS3 Integration Guidelines},
    year      = {2023},
    address   = {Berlin, Germany},
    pages     = {210--225},
    publisher = {W3C},
}

@Comment{jabref-meta: databaseType:bibtex;}
