@Article{Olly2018,
  author       = {Olly and Johannes},
  title        = {Stefan's palace},
  journal      = {Test Journal},
  year         = {2018},
  volume       = {1},
  number       = {1},
  pages        = {1-2},
  month        = {mar},
  issn         = {978-123-123},
  note         = {That's a note},
  abstract     = {That's an abstract},
  comment      = {That's a comment},
  doi          = {10/3212.3123},
  file         = {:paper.pdf:PDF},
  groups       = {NO},
  howpublished = {Online},
  keywords     = {Keyword1, Keyword2},
  owner        = {Me},
  review       = {Here are the reviews},
  timestamp    = {2018-02-15},
  url          = {https://www.olly2018.edu},
}