@Article{,
  coverage  = {coverageField},
  language  = {English,Japanese},
  month     = jan,
  rights    = {Right To X},
  source    = {JabRef},
  year      = {2005},
}
