@misc{,
  abstract = {how to annotate a pdf},
  author = {Chris},
  keywords = {pdf, annotation},
  title = {The best Pdf ever}
}