% Encoding: UTF-8

@Book{Einstein1920,
  title =     {Relativity: The special and general theory},
  publisher = {Penguin},
  year =      {1920},
  author =    {Einstein, Albert}
}

@Comment{jabref-meta: databaseType:bibtex;}
