@article{,
  author = {JabRef},
  year = {2025},
  title = {DOCX Document}
}
