@article{,
  author = {JabRef},
  year = {2025},
  title = {ODP Document}
}
