@article{,
  author = {JabRef},
  year = {2025},
  title = {XLS Document}
}
