@article{,
  author = {JabRef},
  year = {2025},
  title = {XLSX Document}
}
