@Article{2,
  author       = {9},
  date         = {10},
  journaltitle = {0},
  title        = {8},
  doi          = {3},
  issn         = {5},
  number       = {11},
  pages        = {7},
  volume       = {1},
  file         = {6},
  publisher    = {4},
}

@Article{14,
  author       = {21},
  date         = {22},
  journaltitle = {12},
  title        = {20},
  doi          = {15},
  issn         = {17},
  number       = {23},
  pages        = {19},
  volume       = {13},
  file         = {18},
  publisher    = {16},
}

@Article{27,
  author       = {28},
  date         = {29},
  journaltitle = {24},
  title        = {25},
  doi          = {30},
  issn         = {32},
  number       = {23},
  volume       = {26},
  file         = {33},
  publisher    = {31},
}

@Article{38,
  author       = {39},
  date         = {40},
  journaltitle = {34},
  title        = {35},
  doi          = {41},
  issn         = {43},
  number       = {44},
  pages        = {36},
  volume       = {37},
  publisher    = {42},
}

@Article{47,
  author       = {55},
  date         = {56},
  journaltitle = {45},
  title        = {54},
  doi          = {48},
  issn         = {50},
  number       = {11},
  pages        = {53},
  volume       = {46},
  file         = {51},
  publisher    = {49},
  readstatus   = {52},
}

@Article{59,
  author       = {67},
  date         = {68},
  journaltitle = {57},
  title        = {66},
  doi          = {61},
  issn         = {63},
  number       = {69},
  pages        = {65},
  volume       = {58},
  groups       = {60},
  publisher    = {62},
  readstatus   = {64},
}

@Article{72,
  author       = {79},
  date         = {80},
  journaltitle = {70},
  title        = {78},
  doi          = {73},
  issn         = {75},
  number       = {11},
  pages        = {77},
  volume       = {71},
  file         = {76},
  groups       = {60},
  publisher    = {74},
  readstatus   = {64},
}

@Article{83,
  author       = {90},
  date         = {91},
  journaltitle = {81},
  title        = {89},
  doi          = {84},
  issn         = {86},
  number       = {92},
  pages        = {88},
  volume       = {82},
  file         = {87},
  publisher    = {85},
  readstatus   = {52},
}

@Article{95,
  author       = {100},
  date         = {101},
  journaltitle = {93},
  title        = {99},
  doi          = {96},
  issn         = {97},
  number       = {102},
  pages        = {98},
  volume       = {94},
  groups       = {60},
  publisher    = {62},
  readstatus   = {64},
}

@Article{107,
  author       = {108},
  date         = {109},
  journaltitle = {103},
  title        = {104},
  doi          = {110},
  issn         = {111},
  number       = {112},
  pages        = {105},
  volume       = {106},
  publisher    = {31},
}

@Article{116,
  author       = {117},
  date         = {118},
  journaltitle = {113},
  title        = {114},
  doi          = {119},
  issn         = {121},
  number       = {122},
  volume       = {115},
  publisher    = {120},
}

@Article{125,
  author       = {130},
  date         = {131},
  journaltitle = {123},
  title        = {129},
  doi          = {126},
  issn         = {127},
  number       = {102},
  pages        = {128},
  volume       = {124},
  publisher    = {62},
  readstatus   = {52},
}

@Article{134,
  author       = {139},
  date         = {140},
  journaltitle = {132},
  title        = {138},
  doi          = {135},
  issn         = {136},
  number       = {11},
  pages        = {137},
  volume       = {133},
  groups       = {60},
  publisher    = {42},
  readstatus   = {64},
}

@Article{144,
  author       = {145},
  date         = {146},
  journaltitle = {141},
  title        = {142},
  doi          = {147},
  issn         = {149},
  volume       = {143},
  groups       = {60},
  publisher    = {148},
  readstatus   = {64},
}

@Article{152,
  author       = {159},
  date         = {160},
  journaltitle = {150},
  title        = {158},
  doi          = {153},
  eprint       = {161},
  issn         = {155},
  number       = {162},
  pages        = {157},
  url          = {156},
  volume       = {151},
  publisher    = {154},
}

@Comment{jabref-meta: databaseType:biblatex;}
