% Encoding: UTF-8

@Book{Darwin1888,
  title =     {The descent of man, and selection in relation to sex},
  publisher = {J. Murray},
  year =      {1888},
  author =    {Darwin, Charles}
}

@Book{Einstein1920,
  title =     {Relativity: The special and general theory},
  publisher = {Penguin},
  year =      {1920},
  author =    {Einstein, Albert}
}
