% Encoding: UTF-8
@phdthesis{2002,
  title     = {Agile Entwicklung Web-basierter Systeme},
  year      = {2002},
  type      = {type},
  number    = {3},
  address   = {a},
  journal   = {Wirtschaftsinformatik},
  language  = {english},
  pages     = {237--248},
  publisher = {Gabler Verlag},
  doi       = {10.1007/BF03250842},
  url       = {http://dx.doi.org/10.1007/BF03250842},
  volume    = {44},
}

@Comment{jabref-meta: databaseType:biblatex;}
