@String {maintainer = "Stefan Kolb"}
@preamble {"Maintained by " # maintainer}
@String {einstein = "Einstein, Albert"}

@Book{Newton1999,
  title =     {The Principia: mathematical principles of natural philosophy},
  publisher = {Univ of California Press},
  year =      {1999},
  author =    {Newton, Isaac}
}

@Book{Darwin1888,
  title =     {The descent of man, and selection in relation to sex},
  publisher = {J. Murray},
  year =      {1888},
  author =    {Darwin, Charles}
}

@Book{Einstein1920,
  title =     {Relativity: The special and general theory},
  publisher = {Penguin},
  year =      {1920},
  author =    einstein
}

@Comment{jabref-meta: databaseType:bibtex;}
