% Encoding: UTF-8

@InProceedings{dupJournalTechreport,
  author    = {Kolb, Stefan and Wirtz, Guido},
  title     = {This was published at a Workshop and a Journal with the same Title},
  booktitle = {Proc. Workshop Cloud},
  year      = {2016},
}

@Article{dupJournalTechreport,
  author  = {Kolb, Stefan and Wirtz, Guido},
  title   = {This was published at a Workshop and a Journal with the same Title},
  journal = {Transactions on Cloud Computing},
  year    = {2016},
}

@Comment{jabref-meta: databaseType:bibtex;}
