@InProceedings{GustafssonJohansson2015,
  author    = {Oscar Gustafsson and H{\aa}kan Johansson},
  booktitle = {2015 {IEEE} International Symposium on Circuits and Systems, {ISCAS} 2015, Lisbon, Portugal, May 24-27, 2015},
  title     = {Decimation filters for high-speed delta-sigma modulators with passband constraints: General versus CIC-based {FIR} filters},
  doi       = {10.1109/ISCAS.2015.7169119},
  pages     = {2205--2208},
  publisher = {{IEEE}},
  bibsource = {dblp computer science bibliography, http://dblp.org},
  biburl    = {http://dblp.uni-trier.de/rec/bib/conf/iscas/GustafssonJ15},
  timestamp = {Wed, 05 Aug 2015 09:08:53 +0200},
  year      = {2015},
}

@Comment{jabref-meta-0.1.0
{
    "saveActions": {
        "state": true,
        "fieldFormatterCleanups": {
            "date": ["normalize_date", "action2"],
            "pages": ["normalize_page_numbers"],
            "month": ["normalize_month"]
        }
    }
}
}
