@INPROCEEDINGS{1,
  author = {Stefan Kolb and Guido Wirtz},
  title = {{Towards Application Portability in Platform as a Service}},
  booktitle = {Proc. 8th Symp. Service-Oriented System Engineering},
  year = {2014}
}