@Misc{minimal-sentence-case,
}

@Misc{minimal-all-upper-case,
  file = {:minimal-all-upper-case.pdf:PDF;:minimal-all-upper-case.pdf:PDF},
}

@Misc{minimal-mixed-case,
  file = {:minimal-mixed-case.pdf:PDF},
}

@Misc{minimal-note-sentence-case,
  file = {:minimal-note-sentence-case.pdf:PDF},
}

@Misc{minimal-note-all-upper-case,
  file = {:minimal-note-all-upper-case.pdf:PDF},
}

@Misc{minimal-note-mixed-case,
  file = {:minimal-note-mixed-case.pdf:PDF},
}

@Comment{jabref-meta: databaseType:bibtex;}

@Comment{jabref-meta: fileDirectory:.;}
