@Misc{title-sentence-cased,
  title  = {Title Sentence Cased},
}

@Misc{title-mixed-cased,
  title  = {TiTle MiXed CaSed},
}

@Misc{title-upper-cased,
  title  = {TITLE UPPER CASED},
}

@Comment{jabref-meta: databaseType:bibtex;}
