@Article{ostgaard2002,
	Title = {Energy}
}
