@InProceedings{Fen2010,
  Title                    = {From the Resource to the Business Process Risk Level},
  Author                   = {Stefan Fenz},
  Booktitle                = {Proceedings of the South African Information Security Multi-Conference (SAISMC'2010)},
  Year                     = {2010},
  Month                    = {1},
  Pages                    = {100--109},
  File                     = {:Fen2010 - From the Resource to the Business Process Risk Level.pdf:PDF},
  Keywords                 = {AirSec},
  Pdf                      = {fenz2010resource.pdf}
}

sdjfdsbhfuwefwiuqhfer}}}