@Article{a,
  title = {entry with standard fields},
}

@Article{b,
  title          = {entry with non-standard fields},
  mycustomfields = {test},
}

@Comment{jabref-meta: databaseType:biblatex;}
