% Encoding: UTF-8


@Collection{Hsu1993,
  Booktitle                = {Special issue on workflow and extented transaction systems},
  Editor                   = {M. Hsu},
  Publisher                = {IEEE Computer Society},
  Year                     = {1993},
  Month                    = {6},
  Number                   = {2},
  Series                   = {Bulletin of TC on Data Engineering},
  Volume                   = {16}
}

@comment{jabref-entrytype: Collection: req[booktitle;editor;publisher;year] opt[abstract;month;volume;number;series]}

