% Encoding: UTF-8


@Article{Aal2005,
  Title                    = {{P}i {C}alculus {V}ersus {P}etri {N}ets: {L}et {U}s {E}at {H}umble {P}ie {R}ather {T}han {F}urther {I}nflate the {P}i {H}ype},
  Author                   = {{W.M.P. van der} Aalst},
  Journal                  = {BPTrends},
  Year                     = {2005},
  Month                    = may,
  Number                   = {5},
  Pages                    = {1--11},
  Volume                   = {3},
  File                     = {Aal2005 - 05-05 Pi Calc vs Petri Nets - Aalst.pdf:Pi-Kalkül\\Aal2005 - 05-05 Pi Calc vs Petri Nets - Aalst.pdf:PDF;Aal2005 - pi-hype.pdf:Pi-Kalkül\\Aal2005 - pi-hype.pdf:PDF}
}

@Collection{Hsu1993,
  Booktitle                = {Special issue on workflow and extented transaction systems},
  Editor                   = {M. Hsu},
  Publisher                = {IEEE Computer Society},
  Year                     = {1993},
  Month                    = {6},
  Number                   = {2},
  Series                   = {Bulletin of TC on Data Engineering},
  Volume                   = {16}
}

@comment{jabref-meta: keypattern_techreport:[authorsAlpha][year]-TR;}

@comment{jabref-meta: keypatterndefault:[authorsAlpha][year];}

@comment{jabref-meta: saveOrderConfig:specified;author;false;title;false;year;false;}

@comment{jabref-meta: groupsversion:3;}

@comment{jabref-meta: groupstree:
0 AllEntriesGroup:;
1 KeywordGroup:TODO\;0\;keywords\;TODO\;0\;0\;;
1 KeywordGroup:AskedForPDF\;0\;keywords\;AskedForPDF\;1\;0\;;
}

@comment{jabref-entrytype: Collection: req[booktitle;editor;publisher;year] opt[abstract;month;volume;number;series]}

