@Online{,
  Title                    = {Mathematik für Ingenieure und Naturwissenschaftler Band 1},
  Author                   = {Lothar Papula},
  Date                     = {2011},
  Url                      = {http://dx.doi.org/10.1007/978-3-8348-8285-1},
  SubTitle                 = {Ein Lehr- und Arbeitsbuch für das Grundstudium},
  Address                  = {Wiesbaden},
  Edition                  = {13., durchgesehene Auflage},
  ISBN                     = {9783834882851},
  PageTotal                = {Online-Ressource},
  Ppn_gvk                  = {667844562},
  Publisher                = {Vieweg+Teubner Verlag / Springer Fachmedien Wiesbaden GmbH, Wiesbaden}
}
