@Book{,
  Title                    = {GMP-Regelwerke f√ºr Arzneimittel},
  Publisher                = {Maas & Peither, GMP-Verl.},
  Address                  = {Schopfheim},
  Edition                  = {7., aktualisierte Aufl.},
  Note                     = {Text teilw. dt., teilw. engl.},
  Number                   = {7},
  Series                   = {Kleiner GMP-Berater},
  Date                     = {2014},
  ISBN                     = {9783943267914},
  Pagetotal                = {310},
  Ppn_GVK                  = {785759913}
}
