@Book{,
  Title                    = {GMP-Regelwerke für computergestützte Systeme},
  Publisher                = {Maas & Peither, GMP-Verl},
  Address                  = {Schopfheim},
  Edition                  = {4., aktual. Aufl.},
  Note                     = {Text teilw. dt. und engl},
  Number                   = {Bd. 5},
  Series                   = {Kleiner GMP-Berater},
  Date                     = {2014},
  ISBN                     = {9783958070011},
  Pagetotal                = {142},
  Ppn_GVK                  = {810635399}
}
