@inbook{,
  abstract = {Abstract textwith linebreak},
  author = {Name},
  booktitle = {Test Title},
  pages = {10},
  year = {2000}
}
