@article{,
  abstract = {[References: 11]},
  address = {Reprint available from: Kascheres A UNIV ESTADUAL CAMPINAS INST QUIM CP 6154 BR-13083970 SAO PAULO BRAZIL UNIV ESTADUAL CAMPINAS INST QUIM BR-13083970 SAO PAULO BRAZIL, Germany},
  annote = {What?},
  author = {Sa, M. CM.; Kascheres, A.},
  chapter = {Too much},
  comment = {Tertiary Title: My own world;Secondary Authors: Me;Custom1: Custom1;Subject: Just for testing;Custom2: Custom2;Quaternary Authors: Dani;Custom3: Custom3;Custom4: Custom4;Custom5: Custom5;Custom6: Custom6;Categories: Testing, Example;Quaternary Title: Noone;Tertiary Authors: Oliver;Short Title: Bib},
  edition = {Ultra},
  isbn = {0022-3263},
  journal = {Journal of Organic Chemistry},
  note = {This is a test note},
  number = {11},
  pages = {3749--3752},
  pdf = {https://www.google.de/},
  publisher = {Uni Stuttgart},
  title = {Electronically Mediated Selectivity },
  url = {ftp://www.google.de/},
  volume = {61},
  year = {1996}
}
