@article{,
  author = {Name},
  journal = {Test Title},
  year = {2000}
}
