@TechReport{Mustermann2016,
  author =        {Max Mustermann},
  title =         {Java TechReport},
  institution =   {JIOT},
  year =          {2016},
  type =          {Report},
  number =        {1},
  address =       {Stuttgart},
  month =         {February},
  keywords =      {java},
  school =        {JIOT}
}