% Encoding: UTF-8

@InCollection{Mustermann2016,
  author =    {Max Mustermann},
  title =     {Java InCollection},
  booktitle = {Java Testing},
  publisher = {Java Publisher},
  year =      {2016},
  editor =    {Maxima Musterfrau},
  volume =    {1},
  number =    {1},
  chapter =   {3},
  pages =     {18-26},
  month =     {February},
  keywords =  {java}
}
