@Book{,
  title =              {Real time systems : management and design},
  publisher =          {London ; New York : McGraw-Hill},
  year =               {1977},
  author =             {Tebbs, David and Collins, Garfield},
  note =               {Index},
  documenttype =       {TXT, PDF},
  hl =                 {Aberdeen ; Birmingham ; Edinburgh ; Imperial College ; Liverpool ; Manchester ; Oxford ; Trinity College Dublin},
  isbn =               {0070844828},
  keywords =           {Real-time data processing - Management, Real time computer systems, Design},
  physicaldimensions = {ix, 357p : ill., forms ; 24cm}
}