% Encoding: UTF-8

@Article{,
}