@Article{,
  title       = {Rheumatoid Arthritis: National Clinical Guideline for Management and Treatment in Adults},
  year        = {2009},
  month       = {02},
  abstract    = {just a dummy.},
  author = {National Collaborating Centre for Chronic Conditions (UK) and Williams, Darlisha A},
  copyright   = {Copyright from somwhere},
  isbn        = {9781860163593},
  pmid        = {21413195},
  publisher   = {Royal College of Physicians (UK)},
  publocation = {London},
  pubstatus   = {ppublish},
  pubtype     = {Review, Practice Guideline},
  sections    = {Guideline Development Group members; Acknowledgements; Preface; Acronyms, abbreviations and glossary; Development of the Guideline; The Guideline; References; Appendices; Evidence Tables},
}
