@article{,
  author = {Koop, C Everett},
  chemicals = {Formates, Carbon Dioxide, Aldehyde Oxidoreductases, Methanol},
  citation-subset = {IM},
  completed = {1976-01-16},
  country = {UNITED STATES},
  created = {1976-01-16},
  issn = {0006-2944},
  issn-linking = {0006-2944},
  issue = {2},
  journal = {Biochemical medicine},
  journal-abbreviation = {Biochem Med},
  keywords = {apnea syndrome; cardiovascular disease; self management},
  nlm-id = {0151424},
  owner = {NLM},
  pages = {25--138},
  pmid = {10097079},
  pubmodel = {Print},
  pubstatus = {ppublish},
  revised = {2013-11-21},
  status = {MEDLINE},
  title = {Formate assay in body fluids: application in methanol poisoning.},
  volume = {13},
  year = {1999}
}
