@article{,
  abstract = {Just a dummy text. And another dummy},
  affiliation = {Vanderbilt U, Nashville, TN},
  author = {Gibb, F W and Zamm itt, NaN and Beckett, G and Strachan, M W J},
  chemicals = {Iodine Radioisotopes, Thyroxine},
  citation-subset = {IM},
  completed = {06/07/2014},
  copyright = {1992 and something},
  country = {Italy},
  created = {07/11/2013},
  doi = {10.3275/8949},
  gene-symbols = {amino, other symbol},
  investigator = {Wood, D L},
  issn = {1720-8386},
  issn-linking = {0391-4097},
  issue = {9},
  journal = {Journal of endocrinological investigation},
  journal-abbreviation = {J Endocrinol Invest},
  keywords = {Female; Graves Disease, radiotherapy; Humans; Hypothyroidism, etiology; Iodine Radioisotopes, adverse effects, therapeutic use; Retrospective Studies; Thyrotoxicosis, radiotherapy; Thyroxine, blood; Treatment Failure; Weight Gain; keyword; another keyword},
  nlm-id = {7806594},
  note = {a note},
  nrcbl = {14.1},
  owner = {NLM},
  pages = {764--769},
  pii = {1223321},
  pmid = {23633646},
  pubmodel = {Print-Electronic},
  pubstatus = {ppublish},
  references = {23},
  revised = {15/9/2015},
  season = {Spring},
  space-flight-mission = {fly},
  status = {MEDLINE},
  title = {Predictors of treatment failure, incipient hypothyroidism, and weight gain following radioiodine therapy for Graves' thyrotoxicosis.},
  volume = {36},
  year = {2013}
}
