% Encoding: UTF-8

@article{,
  abstract = {This abstract is a dummy.},
  author = {Rhein, Joshua and Bahr, Nathan C. and Hemmert, Andrew C. and Cloud, Joann L. and Bellamkonda, Satya and Oswald, Cody and Lo, Eric and Nabeta, Henry and Kiggundu, Reuben and Akampurira, Andrew and Musubire, Abdu and Williams, Darlisha A. and Meya, David B. and Boulware, David R. and , A. S. T. R. O.-C. M. Team},
  institution = {Division of Infectious Disease and International Health, Department of Medicine, University of Minnesota, Minneapolis, MN, USA.},
  journal = {Diagn Microbiol Infect Dis},
  language = {eng},
  medline-pst = {aheadofprint},
  month = {Dec},
  pmid = {26711635},
  title = {Diagnostic performance of a multiplex PCR assay for meningitis in an HIV-infected population in Uganda.},
  year = {2015}
}