@Article{,
  author =                      {Hanns-Jörg Stoß},
  month =                       {July},
  note =                        {a Note},
  abstract =                    {Es werdenTuring-Maschinen mitk unabhängigen Lese-Schreib-Köpfen auf einem Band undTuring-Maschinen mit je einem Kopf aufk Bändern betrachtet. Es wird gezeigt, daß sich ohne Verändern der Rechenzeit jede Maschine von einem Typ durch eine Maschine vom andern Typ simulieren läßt. Daraus wird gefolgert, daß es für die Rechengeschwindigkeit vonTuring-Maschinen nur auf die Zahl der Köpfe, nicht aber auf deren Verteilung auf einzelne Bänder ankommt.},
  address =                     {Stuttgart, Bawü Deutschland},
  affiliation =                 {aff},
  booktitle =                   {Turingmaschinen},
  chapter =                     {3},
  contents =                    {con},
  copyright =                   {cop},
  crossref =                    {cross},
  edition =                     {10},
  howpublished =                {how},
  institution =                 {Institution},
  msbib-abbreviatedcasenumber = {abb},
  msbib-accessed =              {July 3, 2010},
  msbib-broadcaster =           {broad},
  msbib-casenumber =            {case},
  msbib-court =                 {court},
  msbib-distributor =           {dist},
  msbib-medium =                {med},
  msbib-numberofvolume =        {10},
  msbib-patentnumber =          {pat},
  msbib-productioncompany =     {produktion},
  msbib-recordingnumber =       {record},
  msbib-reporter =              {rep},
  msbib-shorttitle =            {Turing},
  msbib-station =               {stat},
  msbib-theater =               {th},
  msbib-type =                  {type},
  organization =                {Besondere Turingmaschinen},
  price =                       {10},
  school =                      {Gymnasium Unterrieden},
  series =                      {ser},
  size =                        {1000}
}

