@conference{raey,
  Title                    = {Agile Entwicklung Web-basierter Systeme},
  isbn 					   = {0937-6429},
  Journal                  = {Wirtschaftsinformatik},
  Year                     = {2002},
  Number                   = {3},
  Pages                    = {237--248},
  Volume                   = {44},

  Keywords                 = {software development processes; agile software development environments; time-to-market; Extreme Programming; Crystal methods family; Adaptive Software Development},
  Language                 = {english},
  Publisher                = {Gabler Verlag},
  Url                      = {http://dx.doi.org/10.1007/BF03250842}
}