@article{,
  abstract = {some things will be described },
  address = {India},
  article-doi = {10.4103/2277-9175.180636},
  article-pii = {ABR-5-67},
  author = {Shruthi, Basavaradhya Sahukar and Vinodhkumar, Palani and Selvamani},
  booktitle = {name of collection},
  completed = {20160512},
  copyright = {2015 Tschechlov Press.},
  copyright-owner = {Copyright belongs to someone},
  corporate = {corporater},
  date-created = {20160512},
  edition = {2},
  electronic-issn = {2277-9175},
  electronic-publication = {20160419},
  gene-symbol = {a gene symbol},
  history = {2016/04/19 [epublish]},
  investigator = {Some investigator, one more investigator, last investigator},
  isbn = {ISBN 978-3-86680-192-9},
  journal = {Advanced biomedical research},
  keywords = {Biomarkers, electrophoresis, neoplasia, spectrometry, translation},
  language = {eng},
  linking-issn = {2277-9175},
  location-id = {10.4103/2277-9175.180636 [doi]},
  model = {a model},
  nlm-unique-id = {101586897},
  note = {some notes about the article},
  number-of-references = {25},
  other-abstract = {other abstract infos},
  owner = {NLM},
  pages = {67},
  publication-status = {epublish},
  registry-number = {123456789},
  second-id = {12563},
  source = {Adv Biomed Res. 2016 Apr 19;5:67. doi: 10.4103/2277-9175.180636. eCollection 2016.},
  space-flight-mission = {a space flight mission},
  status = {PubMed-not-MEDLINE},
  substance-name = {substance name},
  termowner = {NOTNLM},
  title = {Proteomics: A new perspective for cancer.},
  title-abbreviation = {Adv Biomed Res},
  transliterated-title = {title that is transliterated},
  volume = {5},
  volume-title = {title of the volume},
  year = {2016}
  }
  