@Misc{,
  Title                    = {Listening: Important to the Stuff of a Life},
  Author                   = {Bunkers, Sandra Schmidt RN and PhD and FAAN},
  Abstract                 = {Lorem ipsum abstract},
  DOI                      = {10.1177/0894318415571606}
}
