@Misc{,
  Title                    = {Effects of computer-aided clinical decision support systems in improving antibiotic prescribing by primary care providers: a systematic review},
  Author                   = {Holstiege, Jakob and Mathes, Tim and Pieper, Dawid},
  Abstract                 = {Lorem ipsum abstract},
  ISSN                     = {1067-5027},
  DOI                      = {10.1136/amiajnl-2014-002886},
  Keywords                 = {computer-aided clinical decision support, CDSS, medical decision-making, electronic health record, antibiotic prescribing, primary care},
  Language                 = {English}
}
