@Misc{,
  Title                    = {Correct positioning of percutaneous iliosacral screws with computer-navigated versus fluoroscopically guided surgery in traumatic pelvic ring fractures},
  Author                   = {Verbeek, Jan M. D. and Hermans, Erik M. D. and van Vugt, Arie MD, PhD and Frolke, Jan Paul MD, PhD},
  Abstract                 = {Lorem ipsum abstract},
  ISSN                     = {0890-5339},
  DOI                      = {10.1097/BOT.0000000000000502},
  Keywords                 = {iliosacral, iliosacral screw, IS screw, SI screw, sacroiliac joint, Computer-navigated surgery, navigation, Computer-Assisted, Conventional fluoroscopy, Fluoroscopy, computed tomography, surgery, OTA, Traumatic, Pelvic ring, fracture, pelvic fracture},
  Language                 = {English}
}
