@phdthesis{,
  abstract = {abstract0
abstract1},
  address = {32 peralta avenue los gatos ca},
  author = {Cocke and Harrison, Warren Levenshtein Morris},
  booktitle = {kmptnz},
  comment = {comment0
comment1
comment2},
  doi = {whatever},
  editor = {Rives and Kasami},
  issn = {kmptns},
  journal = {kmptnd},
  keywords = {keyword0, keyword1},
  month = {#sep#},
  pages = {193--194},
  publisher = {kmptnv},
  refid = {123456 sxdbgsd},
  school = {kmptvf},
  series = {Arrow},
  title = {Editorial: Open Source and Empirical Software Engineering: Editorial. Editorial? Editorial: Editorials},
  url = {http://dx.doi.org/10.1023/A:1017379030770},
  volume = {6},
  year = {2001}
}
