@book{,
  address = {Cambridge},
  publisher = {Cambridge University Press},
  refid = {robinson},
  title = {Clinicopathologic Principles For Veterinary Medicine},
  year = {1988}
}
