@Article{,
  editor = {Supek-S and Aine-CJ},
  journal = {IEEE Trans Biomed Eng},
  keywords = {many-much-more-i don't know},
  publisher = {New York publishment},
  school = {Gymnasium Unterrieden},
  title = {Simulation studies of multiple dipole neuromagnetic },
  year = {3 Jun}
}