@Article{,
  author =   {Supek-S and Aine-CJ},
  issue = {6},
  journal = {IEEE Trans Biomed Eng},
  pages = {529-540},
  title = {Simulation studies of multiple dipole neuromagnetic source localization, model order and limits of source resolution. },
  volume = {40},
  year =     {1993},
  abstract = {Numerical},
  journal =  {IEEE Trans Biomed Eng}
}