@Article{Alver2007,
  author    = {Alver, Morten Omholt and Tenn{\o}y, Torodd and Alfredsen, Jo Arve and {\O}ie, Gunvor},
  journal   = {Aquacultural engineering},
  title     = {Automatic measurement of rotifer Brachionus plicatilis densities in first feeding tanks},
  year      = {2007},
  number    = {2},
  pages     = {115--121},
  volume    = {36},
  publisher = {Elsevier},
}

@Article{Alver2007a,
  author    = {Alver, Morten Omholt and others},
  journal   = {Aquaculture},
  title     = {Estimating larval density in cod (Gadus morhua) first feeding tanks using measurements of feed density and larval growth rates},
  year      = {2007},
  number    = {1},
  pages     = {216--226},
  volume    = {268},
  publisher = {Elsevier},
}

@InProceedings{Kopp2018,
  author    = {Kopp, Oliver and Armbruster, Anita and Zimmermann, Olaf},
  booktitle = {ZEUS},
  title     = {Markdown Architectural Decision Records: Format and Tool Support},
  year      = {2018},
  publisher = {CEUR-WS.org},
}

@InProceedings{Kopp2012,
  author    = {Oliver Kopp and others},
  booktitle = {Business Process Model and Notation},
  title     = {{BPMN4TOSCA:} {A} Domain-Specific Language to Model Management Plans for Composite Applications},
  year      = {2012},
  publisher = {Springer},
  series    = {LNCS},
  volume    = {125},
  doi       = {10.1007/978-3-642-33155-8_4},
}

@InProceedings{Koenig2023,
  author    = {Simone KÃ¶nig and others},
  booktitle = {INDIN},
  title     = {{BPMN4Cars}: A Car-Tailored Workflow Engine},
  year      = {2023},
  publisher = {IEEE},
  doi       = {10.1109/indin51400.2023.10218082},
}

@Comment{jabref-meta: databaseType:bibtex;}
