@Article{,
  title = {JabRef Example for References Parsing},
  file  = {:ieee-paper.pdf:PDF},
}

@Comment{jabref-meta: databaseType:bibtex;}

@Comment{jabref-meta: fileDirectory:.;}
