@Comment{jabref-meta: databaseType:bibtex;}

@Comment{jabref-meta: fileDirectory:.;}
