@misc{,
  author = {Name},
  booktitle = {Test Title},
  pages = {--11},
  year = {2000}
}
