@InBook{Mustermann2016,
  chapter   = {10},
  title     = {Java Conference},
  publisher = {Java Publisher},
  author    = {Max Mustermann},
  editor    = {Maxima Musterfrau},
  volume    = {1},
  number    = {1},
  series    = {1},
  address   = {Stuttgart},
  edition   = {10},
  month     = {February},
  note      = {some note},
  keywords  = {java},
}
