% Encoding: UTF-8

@Booklet{Mustermann2016,
  title =    {Java Booklet},
  author =   {Max Mustermann},
  address =  {Stuttgart},
  month =    {February},
  year =     {2016},
  keywords = {java}
}
