@article{,
  abstract = {Lorem ipsum abstract},
  address = {England},
  author = {Long, Vicky and Marland, Hilary},
  completed = {20100526},
  date-created = {20100520},
  grantno = {076053/Wellcome Trust/United Kingdom},
  issue = {4},
  journal = {20 century British history},
  keywords = {Attitude to Health, Employment/psychology, Female, Gender Identity, Great Britain, History, 20th Century, Humans, Occupational Health/*history, Reproductive Medicine/*history, Women, Working/*history/psychology},
  language = {eng},
  linking-issn = {0955-2359},
  manuscript-id = {EMS54115},
  nlm-unique-id = {9015384},
  other-id = {NLM: PMC4513071},
  owner = {NLM},
  pages = {454-81},
  print-issn = {0955-2359},
  publication-status = {ppublish},
  revised = {20150731},
  source = {20 Century Br Hist. 2009;20(4):454-81.},
  status = {MEDLINE},
  subset = {QIS},
  title = {From danger and motherhood to health and beauty: health advice for the factory girl in early twentieth-century Britain.},
  title-abbreviation = {20 Century Br Hist},
  volume = {20},
  year = {2009}
}
