@article{TelPeak,
  affiliation = {an affiliation},
  author = {Telescope},
  captured = {1955-11-30},
  city = {New York},
  country = {United States},
  created = {1955-03-22},
  edition = {2},
  modified = {1970-12-01},
  pagetotal = {50},
  source = {Indiana University Digital Library Program},
  url = {http://purl.dlib.indiana.edu/iudl/archives/cushman/P07803, http://quod.lib.umich.edu/m/mods/thumbs/Indiana/oai.dlib.indiana.edu/ archives/cushman/oai_3Aoai.dlib.indiana.edu_3Aarchives_5Ccushman_5CP07803.png},
  year = {1955}
}
