@article{,
  author = {Alleman, Tillie Pierce},
  issued = {1889},
  keywords = {Gettysburg, Battle of, Gettysburg, Pa., 1863; Gettysburg (Pa.) -- History -- Civil War, 1861-1865; United States -- History -- Civil War, 1861-1865 -- Campaigns},
  language = {eng},
  place = {New York},
  publisher = {W. Lake Borland},
  source = {University of Pennsylvania Digital Library},
  url = { http://digital.library.upenn.edu/women/alleman/gettysburg/gettysburg.html},
  year = {1889}
}
