@misc{Mock++2003,
  author = {Mock, T and Kruse, M and Dieckmann, GS},
  issue = {2},
  issued = {2003},
  keywords = {_Fragilariopsis cylindrus_; Methods; Microcosm; Micro-optodes; Oxygen exchange; Photosynthesis; Sea ice; Ice; Water; Diatoms; Epontic environment; Gas exchange; Diffusion; Boundary layers; Oxygen; Patchiness; Epontic organisms; Laminar boundary layer; Ice-water interface; Methodology; Bacillariophyceae},
  location = {Indiana University, Bloomington. University Archives P07803},
  note = {Marine},
  pages = {197-205},
  uri = {http://int-res.com/abstracts/ame/v30/n2/p197-205.html},
  url = {http://int-res.com/abstracts/ame/v30/n2/p197-205.html},
  volume = {30},
  year = {2003}
}, @misc{Schewe+Soltwedel2003,
  author = {Schewe, I and Soltwedel, T},
  doi = {10.1007/s00300-003-0526-8},
  issue = {9},
  issued = {2003},
  pages = {610-620},
  volume = {26},
  year = {2003}
}, @book{Thomas+Dieckmann2003,
  author = {Thomas, DN and Dieckmann, GS},
  isbn = {0-632-05808-0},
  issuance = {monographic},
  issued = {2003},
  keywords = {zoology; sea ice},
  place = {Oxford},
  publisher = {Blackwell Science Ltd},
  year = {2003}
}
