% Encoding: UTF-8

@techreport{,
  title  = {Umläuts are fünny}
}
