% Encoding: UTF-8

@InProceedings{LocationTest,
  author    = {LocationTest},
  location  = {Stroudsburg, PA, USA},
}

@Comment{jabref-meta: databaseType:biblatex;}
