% Encoding: UTF-8

@Article{,
  series                      = {ser},
  msbib-abbreviatedcasenumber = {abb},
  msbib-accessed              = {July 3, 2010},
  msbib-broadcaster           = {broad},
  msbib-casenumber            = {case},
  msbib-court                 = {court},
  msbib-distributor           = {dist},
  msbib-medium                = {med},
  msbib-numberofvolume        = {10},
  msbib-periodical            = {Besondere Turingmaschinen},
  msbib-productioncompany     = {produktion},
  msbib-recordingnumber       = {record},
  msbib-reporter              = {rep},
  msbib-station               = {stat},
  msbib-theater               = {th},
  msbib-type                  = {type},
  price                       = {10},
  school                      = {Gymnasium Unterrieden},
  size                        = {1000},
}

@Comment{jabref-meta: databaseType:bibtex;}
