% Encoding: UTF-8

@Article{Orlowski;2011,
  author       = {Adam and Or{\l}owski, Cezary Czarnecki},
  title        = {Application of Ontology In the ITIL Domain},
  journaltitle = {Information Systems Architecture and Technology: Service Oriented Networked Systems},
  year         = {2011},
  month 	   = {mar},
  volume       = {5},
  issue        = {3},
  pages        = {99--108},
  doi          = {10.13140/2.1.3259.2169},
  publisher    = {Oficyna Wydawnicza Politechniki Wroc≈Çawskiej},
}