% Encoding: UTF-8

@TechReport{
  author =        {M?ller,Rudolf and Perea,Andr?s and Wolf,Sascha},
  title =         {Weak Monotonicity and Bayes-Nash Incentive Compatibility},
  year =          {2005},
  month =         {8},
  abstract =      {Lorem ipsum abstract},
  day =           {31},
  keywords =      {mathematical economics},
  url =           {http://d.repec.org/n?u=RePEc:dgr:umamet:2005039&r=gth}
}

