% Encoding: UTF-8

@TechReport{,
  title = {Commercial Television and Voter Information},
  year =  {2016},
  url =   {http://d.repec.org/n?u=RePEc:cla:levrem:784828000000000363&r=ict}
}
