@Article{,
  author        = {Ghosh, Chanchal and Basu, Joysurya and Ramachandran, Divakar and Mohandas, E.},
  title         = {Phase separation and ω transformation in binary V-Ti and ternary V-Ti-Cr alloys},
  journal       = {Acta Materialia},
  year          = {2016},
  volume        = {121},
  pages         = {310--324},
  month         = dec,
  issn          = {1359-6454},
  abstract      = {Abstract},
  keywords      = {V-Ti-Cr alloys, Spinodal decomposition, ω phase transformation, High-resolution electron microscopy, Energy-filtered transmission microscopy},
  url           = {//www.sciencedirect.com/science/article/pii/S1359645416307273},
}
