@patent{,
  author   = {some author},
  month    = dec,
  year     = {2014},
  caption  = {254},
  edition  = {5},
  editor   = {some editor},
  language = {eng},
  number   = {25},
}
