@Misc{minimal,
  title = {Hello World},
  file  = {:minimal.pdf:PDF},
}

@Comment{jabref-meta: databaseType:bibtex;}

@Comment{jabref-meta: fileDirectory:.;}
