@Article{vonHippel2003 ,
  author    = {Eric von Hippel and Georg von Krogh},
  title     = {Open Source Software and the \"Private-Collective\" Innovation Model: Issues for Organization Science},
  journal   = {Organization Science},
  year      = {2003},
  volume    = {14},
  pages     = {209--223},
  number    = {2},
  address   = {Institute for Operations Research and the Management Sciences (INFORMS), Linthicum, Maryland, USA},
  doi       = {10.1287/orsc.14.2.209.14992},
  issn      = {1526-5455},
  publisher = {INFORMS},
                                                                                        
  owner     = {saulius},
  timestamp = {2011.01.05},
}
