% Encoding: US-ASCII@PREAMBLE{testPreamble}@article{testArticle}