@article{arXivExample,
  author = {Alice Author and Bob Writer},
  title = {A Sample arXiv Paper},
  eprint = {2408.12345},
  eprinttype = {arXiv},
  year = {2024}
}
