% Encoding: UTF-8

@Misc{Mustermann2016,
  author =       {Max Mustermann},
  title =        {Java Misc},
  howpublished = {Internet},
  month =        {February},
  year =         {2016},
  keywords =     {java}
}
