@article{Mustermann2016,
  author = {Max Mustermann},
  journal = {Java Journal},
  keywords = {java},
  month = feb,
  pages = {2},
  title = {Java tricks},
  year = {2016}
}
