% Encoding: UTF-8

@PhdThesis{Mustermann2016,
  author =   {Max Mustermann},
  title =    {Java PhdThesis},
  school =   {University},
  year =     {2016},
  type =     {Thesis},
  address =  {Stuttgart},
  month =    {February},
  keywords = {java}
}
