@Article{,
  author   = {Harris, Robert},
  title    = {Evaluating Internet Research Sources},
  abstract = {Abstract},
  keywords = {CARS, information quality},
}
