% Encoding: US-ASCII

@article{,
  title = {testtitle},
}
