@article{,
  abstract = {test abstract},
  author = {Ahmad, AS and Ormiston-Smith, N and Sasieni, PD},
  doi = {10.1038/bjc.2014.606},
  file = {:file\://localhost/Users/user/Documents/Bookends/Attachments/Ahmad%20et%20al%202015.pdf:PDF},
  isbn = {1532-1827 (Electronic) 0007-0920 (Linking)},
  keywords = {Age Factors; Aged; Aged, 80 and over; Female; Great Britain/epidemiology; Humans; Male; Middle Aged; Models, Statistical; Neoplasms/*epidemiology; Risk Assessment; Risk Factors; Sex Characteristics},
  number = {5},
  pages = {943-7},
  title = {Trends in the lifetime risk of developing cancer in Great Britain: comparison of risk for those born from 1930 to 1960},
  volume = {112},
  year = {2015},
  journal = {Br J Cancer},
  note = {some notes},
  url = {http://www.ncbi.nlm.nih.gov/pubmed/25647015},
}
