@article{,
      author = {Chapman, A. G.},
      isbn = {0012-9658},
      journal = {Ecology},
      note = {some notes},
      number = {1},
      pages = {93-105},
      title = {An ecological basis for reforestation of submariginal lands in the Central Hardwood Region},
      url = {<Go to ISI>://000200148800007},
      volume = {18},
      year = {1937}
}
@book{,
      author = {Strohecker, H. F.},
      isbn = {0012-9658},
      journal = {Ecology},
      note = {some other notes},
      number = {1},
      pages = {162-168},
      title = {A survey of soil temperatures in the Chicago area},
      url = {<Go to ISI>://000200148800014},
      volume = {18},
      year = {1937}
}
