% Encoding: UTF-8

@Article{,
      address = {Laser Acupuncture Centre, Singapore.},
      author = {Lim, RCH},
      date = {Jun 01},
      doi = {10.1089/acu.2018.1295},
      isbn = {1933-6586},
      journal = {Med Acupunct},
      keywords = {anxiety; craving; dependency; destress; health restoration},
      note = {FFT available, not read on 7/2/18},
      number = {3},
      pages = {159-162},
      title = {Painless Laser Acupuncture for Smoking Cessation.},
      url = {https://www.ncbi.nlm.nih.gov/pubmed/29937971},
      volume = {30},
      year = {2018},
}
