@Article{,
  author     = {Bello, Emmanuel G.},
  title      = {Article 22 of the African Charter on Human and Peoples' Rights},
  year       = {1992},
  pages      = {447-473},
  titleaddon = {Emmanuel G. Bello},
}

@Comment{jabref-meta: databaseType:bibtex;}
