@PhdThesis{,
  author     = {Blake, Carl LeRoy},
  school     = {Cornell University},
  title      = {Tempo rubato in the eigteenth century},
  year       = {1991},
  address    = {Ann Arbor, Mich.},
  edition    = {Faksimile},
  keywords   = {Geschichte 1700-1800},
  pagetotal  = {127},
  publisher  = {{UMI Dissertation Services}},
  subtitle   = {a thesis},
  titleaddon = {by Carl LeRoy Blake},
}

@Comment{jabref-meta: databaseType:bibtex;}
