@Article,
  author     = {Sarda, Marie-Anne and Eude-Devaux, Caroline},
  title      = {Livres de secrets, traités de teinture, journaux de laboratoire ou carnets de notes},
  year       = {2023},
  note       = {Text französisch. - Zusammenfassung in englischer Sprache},
  volume     = {50},
  file       = {ParsedFileField{description='', link='https://journals.openedition.org/insitu/38769', fileType='PDF'}},
  pagetotal  = {26},
  subtitle   = {quelles sources pour l'étude de la couleur dans le textile? = Books of secrets, dyeing treatises, laboratory journals or notebooks : what sources can be used for studying colour in textiles?},
  titleaddon = {Marie-Anne Sarda et Caroline Eude-Devaux},
}

@Comment{jabref-meta: databaseType:bibtex;}
