@Misc{,
  author    = {Caraballo, Margarita J.},
  title     = {Marketing Automation with Mailchimp},
  year      = {2023},
  address   = {Birmingham},
  edition   = {1st ed},
  file      = {ParsedFileField{description='', link='https://ebookcentral.proquest.com/lib/hwr/detail.action?docID=30553734', fileType='PDF'}},
  isbn      = {9781800567566},
  pagetotal = {304},
  publisher = {{Packt Publishing, Limited}},
  subtitle  = {Expert Tips, Techniques, and Best Practices for Scaling Marketing Strategies and ROI for Your Business},
}

@Comment{jabref-meta: databaseType:bibtex;}
