@Proceedings{,
  title      = {VI International Congress on Experimental Mechanics},
  year       = {1988},
  address    = {London},
  editor     = {Adams, Frank},
  isbn       = {1851662529},
  publisher  = {{Elsevier [u.a.]}},
  eventtitle = {International Congress on Experimental Mechanics},
  subtitle   = {[proceedings of the VI International Congress on Experimental Mechanics ... held on June 5 - 10, 1988 in Portland, Oregon, U.S.A.]},
  titleaddon = {ed. by Frank Adams ...},
}

@Comment{jabref-meta: databaseType:bibtex;}
