% Encoding: UTF-8

@Article{,
  author               = {Prichard, Eric C and Christman, Stephen D},
  title                = {Need for cognition moderates paranormal beliefs and magical ideation in inconsistent-handers.},
  year                 = {2016},
  volume               = {21},
  issue                = {3},
  pages                = {228--242},
  doi                  = {10.1080/1357650X.2015.1125914},
  month                = {May},
  citation-subset      = {IM},
  country              = {England},
  created              = {2016-03-10},
  journal              = {Laterality},
  journal-abbreviation = {Laterality},
  keywords             = {Handedness; magical ideation; need for cognition; paranormal beliefs},
  nlm-id               = {9609064},
  owner                = {NLM},
  pmid                 = {26886152},
  pubmodel             = {Print-Electronic},
  status               = {In-Data-Review},
}

@Comment{jabref-meta: databaseType:biblatex;}
