@article{,
  abstract = {This abstract is a dummy.},
  author = {Rhein, Joshua and Bahr, Nathan C and Hemmert, Andrew C and Cloud, Joann L and Bellamkonda, Satya and Oswald, Cody and Lo, Eric and Nabeta, Henry and Kiggundu, Reuben and Akampurira, Andrew and Musubire, Abdu and Williams, Darlisha A and Meya, David B and Boulware, David R and ASTRO-CM Team},
  created = {2015-12-29},
  doi = {10.1016/j.diagmicrobio.2015.11.017},
  issn = {1879-0070},
  issn-linking = {0732-8893},
  journal = {Diagnostic microbiology and infectious disease},
  journal-abbreviation = {Diagn Microbiol Infect Dis},
  keywords = {Cryptococcal meningitis; Diagnostics; HIV; Immunocompromised; Meningitis; PCR},
  month = {Dec},
  nlm-id = {8305899},
  owner = {NLM},
  pages = {1234},
  pii = {S0732-8893(15)00432-0},
  pmid = {26711635},
  pubmodel = {Print-Electronic},
  pubstatus = {aheadofprint},
  revised = {2015-12-30},
  status = {Publisher},
  title = {Diagnostic performance of a multiplex PCR assay for meningitis in an HIV-infected population in Uganda.},
  year = {2015}
}
