@article{,
  article = {Title for some article},
  author = {National Collaborating Centre for Chronic Conditions (UK)},
  contribution = {2012-03-27},
  doi = {10.3275/8949},
  isbn = {9781860163593},
  month = {02},
  pii = {1223321},
  pmid = {21413195},
  publisher = {Royal College of Physicians (UK)},
  publocation = {London},
  pubstatus = {ppublish},
  pubtype = {Review, Practice Guideline},
  title = {Rheumatoid Arthritis: National Clinical Guideline for Management and Treatment in Adults},
  year = {2009}
}
@article{,
  pages = {1831},
  pmid = {21413195},
  revised = {2014-10-11}
}
