@TechReport{,
  doi                    = {10.1016/j.cpr.2005.02.002}
}
