@misc{,
  title = {This is a test title},
  pmid = {27433151 SO  invalid line},

}
@misc{,
  title = {This is also a test title},
  pmid = {27394443 SO- another invalid line},
}
