@InProceedings{,
  Booktitle                = {Inproceedings book title},
  pmid                     = {22664238},

}
