@Book{,
  Title                    = {This is a Testtitle: This title should be appended: This title should also be appended. Another append to the Title? LastTitle}
}
