@Article{,
  author                = {Clerx, Michael and Cooling, Michael T and Cooper, Jonathan and Garny, Alan and Moyle, Keri and Nickerson, David P and Nielsen, Poul M F and Sorby, Hugh},
  journal               = {Journal of integrative bioinformatics},
  journal-abbreviation  = {J Integr Bioinform},
  title                 = {CellML 2.0.},
  year                  = {2020},
  issn                  = {1613-4516},
  month                 = jul,
  volume                = {17},
  abstract              = {Following are examples of MathML elements:  ${\eta }_{p}^{2}$  $\infty $  $\begin{pmatrix}0 & 1 & 0\\ 0 & 0 & 1\\ 1 & 0 & 0\end{pmatrix}$  $17+29i\in \mathbb{C}$  $\left(a,b,c\right)\left(abc\right)\left|a,b,c\right>$  $\sum _{i=1}^{n}\left({a}_{i}\right)$  $\underset{a}{\overset{b}{\int }}\left(5x+2\mathrm{sin}\left(x\right)\right)\mathrm{dx}$  $\frac{a+1}{b}$  $y=\sqrt[3]{{x}^{2}}$  $\mathrm{det A}=\left|\begin{array}{cccc}{a}_{11}& {a}_{12}& \dots & {a}_{1n}\\ & ⋮\\ {a}_{j1}& {a}_{j2}& \dots & {a}_{jn}\\ & ⋮\\ {a}_{k1}& {a}_{k2}& \dots & {a}_{kn}\\ & ⋮\\ {a}_{n1}& {a}_{n2}& \dots & {a}_{nn}\end{array}\right|$  $\stackrel{\to }{v}=\left({v}_{1},{v}_{2},{v}_{3}\right)$},
  citation-subset       = {IM},
  completed             = {2021-04-27},
  country               = {Germany},
  doi                   = {10.1515/jib-2020-0021},
  issn-linking          = {1613-4516},
  issue                 = {2-3},
  keywords              = {Computer Simulation; Models, Biological; Models, Theoretical; Software; computational physiology; modularity; physiome project; reproducibility; reusability},
  nlm-id                = {101503361},
  status                = {MEDLINE},
  owner                 = {NLM},
  pii                   = {20200021},
  pmc                   = {PMC7756617},
  pmid                  = {32759406},
  pubmodel              = {Electronic},
  pubstate              = {epublish},
  revised               = {2021-05-06},
}
