% Encoding: UTF-8

@patent{Lincoln1978,
  author    = {Abraham Lincoln},
  title     = {The Vampire hunter},
  number    = {12345677},
  year      = {1978},
}

@Comment{jabref-meta: databaseType:biblatex;}
