% Encoding: UTF-8

@Misc{2016,
  title          = {MeinArtikel},
  year           = {2016},
  month          = jul,
  journal        = {MeineZeitung},
  msbib-accessed = {2018-07-01},
  msbib-day      = {1},
  pages          = {17},
  timestamp      = {2018-01-12},
  translator     = {Test√úbersetzer},
}

@Comment{jabref-meta: databaseType:biblatex;}
