@TechReport{,
  title = {Commercial Television and Voter Information},
  url =   {http://d.repec.org/n?u=RePEc:cla:levrem:784828000000000363&r=ict}
}
