@TechReport{,
  Title                    = {Innovation races: An experimental study on strategic research activities},
  Year                     = {2005},
  Month                    = nov,
  day					   = {7},
  Abstract                 = {Lorem ipsum abstract},
  author = {Uwe Cantner and Andreas Nicklisch and Torsten Weiland},
  institution = {University of Jena, Faculty of Economics and Max-Planck-Institute for Research into Collective Goods and Max-Planck-Institute for Economics, Strategic Interactions Group},
  Jel                      = {D81 O31},
  keywords 				   = {Innovation, Imitation, Patent Tournament, Trial and Error Process},
  Url                      = {http://d.repec.org/n?u=RePEc:jen:jenasw:2005-17&r=all}
}
