% Encoding: UTF-8

@Article{,
  author    = {Jung, Sang In and Lee, Na Kyung and Kang, Kyung Woo and Kim, Kyoung and Lee, Do Youn},
  title     = {The effect of smartphone usage time on posture and respiratory function},
  doi       = {10.1589/jpts.28.186},
  issn      = {2187-5626},
  language  = {eng},
  number    = {26957754},
  pages     = {186--189},
  url       = {https://www.ncbi.nlm.nih.gov/pmc/articles/PMC4756000/},
  volume    = {28},
  comment   = {26957754[pmid]
PMC4756000[pmcid]},
  database  = {PubMed},
  edition   = {2016/01/30},
  journal   = {Journal of physical therapy science},
  keywords  = {Posture, Respiratory function, Smartphone},
  month     = jan,
  publisher = {The Society of Physical Therapy Science},
  year      = {2016},
}
