@incollection{,
  author = {Barata, Catarina and Celebi, MEmre and Marques, JorgeS},
  comment = {doi:10.1201/b19107-2},
  doi = {10.1201/b19107-2},
  issn = {978-1-4822-5326-9},
  journal = {Dermoscopy Image Analysis},
  month = {#sep#},
  pages = {1-22},
  publisher = {CRC Press},
  series = {Digital Imaging and Computer Vision},
  title = {Toward a Robust Analysis of Dermoscopy Images Acquired under Different Conditions},
  url = {http://dx.doi.org/10.1201/b19107-2},
  year = {2015}
}
