@article{,
  author = {Huffman, L. M.},
  journal = {Food Technology},
  pages = {49--52},
  refid = {huffman},
  title = {Processing whey protein for use as a food ingredient},
  volume = {50(2)},
  year = {1996}
}
