@Article{,
  author   = {Federico, S. and Grillo, A. and Herzog, W.},
  title    = {A transversely isotropic composite with a statistical distribution of spheroidal inclusions: A geometrical approach to overall properties},
  journal  = {Journal of the Mechanics and Physics of Solids},
  year     = {2004},
  volume   = {52},
  number   = {10},
  pages    = {2309--2327},
  address  = {Dipartimento di Metodologie Fisiche, Facolt√† di Ingegneria, Univ. degli Studi di Catania, Catania, Italy},
  comment  = {Cited By :44
Export Date: 1 April 2016},
  database = {Scopus},
  doi = {10.1016/j.jmps.2004.03.010},
  keywords = {Composite, Inclusions, Statistical distribution, Transverse isotropy},
  url      = {http://www.scopus.com/inward/record.url?eid=2-s2.0-4544289390&partnerID=40&md5=ad1a4baab95650b103a3467b787b83aa},
}

