@book{,
  address = {Cambridge},
  editor = {Robinson, W. F. and Huxtable, C. R. R.},
  publisher = {Cambridge University Press},
  refid = {robinson},
  title = {Clinicopathologic Principles For Veterinary Medicine},
  year = {1988}
}
