@book{,
  author = {Smith, Bob and Doe, Jan and Brown, Judy and Martin, Steve and Clark, Joe},
  publisher = {Test Publisher},
  title = {Testing Book Title},
  volume = {1},
  year = {2015}
}
