@article{,
  author = {Sears, Margaret E.},
  comment = {23690738[pmid]},
  doi = {10.1155/2013/219840},
  database = {PMC},
  issn = {1537-744X},
  journal = {The Scientific World Journal},
  number = {PMC3654245},
  pages = {219840},
  publisher = {Hindawi Publishing Corporation},
  title = {Chelation: Harnessing and Enhancing Heavy Metal Detoxification--A Review},
  url = {http://www.ncbi.nlm.nih.gov/pmc/articles/PMC3654245/},
  volume = {2013},
  year = {2013}
}
