@article{,
    author = {Valle-Delgado, J. J. and Molina-Bolívar, J. A. and Galisteo-González, F. and Gálvez-Ruiz, M. J. and Feiler, A. and Rutland, M. W.},
    comment = {doi: 10.1063/1.1954747},
    doi = {10.1063/1.1954747},
    issn = {0021-9606},
    journal = {J. Chem. Phys.},
    month = {#jul#},
    number = {3},
    pages = {034708},
    publisher = {American Institute of Physics},
    title = {Hydration forces between silica surfaces: Experimental data and predictions from different theories},
    url = {https://doi.org/10.1063/1.1954747},
    volume = {123},
    year = {2005}
}