@Misc{Author2023test,
  author = {Demo Author},
  title  = {Demo Title},
  year   = {2023},
}

@Comment{jabref-meta: databaseType:bibtex;}
