% Encoding: UTF-8

@Book{Mustermann2016,
  title =     {Java Book},
  publisher = {Java Book Publisher},
  year =      {2016},
  author =    {Max Mustermann},
  volume =    {1},
  month =     {February},
  keywords =  {java}
}
