% Encoding: UTF-8

@InBook{Mustermann2016,
  chapter =   {8},
  pages =     {18-25},
  title =     {Java 8 Lambdas},
  publisher = {Java Book Publisher},
  year =      {2016},
  author =    {Max Mustermann},
  volume =    {1},
  month =     {February},
  keywords =  {java}
}
