% Encoding: UTF-8

@Article{Mustermann2016,
  author =   {Max Mustermann},
  title =    {Java tricks},
  journal =  {Java Journal},
  year =     {2016},
  pages =    {2},
  month =    {February},
  keywords = {java}
}
