% Encoding: UTF-8

@Manual{Mustermann2016,
  title =         {How to install Java},
  author =        {Max Mustermann},
  organization =  {Java Users},
  address =       {Stuttgart},
  month =         {February},
  year =          {2016},
  keywords =      {java}
}
