% Encoding: UTF-8

@Proceedings{Musterfrau2016,
  title =        {Java Proceedings},
  year =         {2016},
  editor =       {Maxima Musterfrau},
  address =      {Stuttgart},
  publisher =    {Java Pub},
  month =        {February},
  organization = {Java Org}
}
