% Encoding: UTF-8

@Article{,
  abstract = {abstract},
  affiliation = {an affiliation},
  author   = {Don't, know  and Realy, don't know},
  title    = {title},
  journal  = {Some jorunalt},
  language = {en},
  location = {somewhere},
  url = {someWebSite},
  uri = {an uri},
  note = {a note, and another note},
  doi = {someDoi},
  pmid = {123456789},
  created = {2000-10-10},
  modified = {2000-10-10},
  captured = {2000-10-10},
  issuance = {monographic},
  edition = {2},
  year     = {2000},
  volume   = {5},
  issue = {10},
  pages    = {67-68},
  address  = {India},
  keywords = {keyword, electrophoresis, neoplasia, spectrometry, translation},
  publisher= {Verlag verlag},
}
