% Encoding: UTF-8

@Misc{,
}
