% Encoding: UTF-8

@Article{ShruthiVinodhkumarSelvamani2016,
  author        = {Shruthi, Basavaradhya Sahukar and Vinodhkumar, Palani and Selvamani},
  title         = {Proteomics: A new perspective for cancer.},
  journal       = {Advanced biomedical research},
  year          = {2016},
}

