@Book{
isbn = {123456789},
issn = {987654321},
pages = {67--68},
keywords = {note; and another note;},
}