% Encoding: UTF-8

@InBook{test,
  pages =    {1234},
  author =   {Mustermann},
  isbn =     {123456789},
  issn =     {12345678},
  keywords = {keyword}
}
