% Encoding: UTF-8

@Article{,
  author   = {Shruthi, Basavaradhya Sahukar and Vinodhkumar, Palani and Selvamani},
  title    = {Proteomics: A new perspective for cancer.},
  journal  = {Advanced biomedical research},
  year     = {2016},
  volume   = {5},
  pages    = {67},
  address  = {India},
  keywords = {Biomarkers, electrophoresis, neoplasia, spectrometry, translation},
}

@Inproceedings{ShruthiVinodhkumarSelvamani2016,
  author        = {Shruthi, Basavaradhya Sahukar and Vinodhkumar, Palani and Selvamani},
  title         = {Proteomics: A new perspective for cancer.},
  journal       = {Advanced biomedical research},
  year          = {2016},
}

