% Encoding: UTF-8

@Patent{Lincoln1978,
  author    = {Abraham Lincoln},
  title     = {The Vampire hunter},
  number    = {12345677},
  year      = {1978},
  owner     = {Christoph Schwentker},
  timestamp = {2016.08.18},
}

@Comment{jabref-meta: databaseType:biblatex;}
