% Encoding: UTF-8

@article{Orlowski;2011,
  author        = {Adam Czarnecki; Cezary Orłowski;},
  title         = {Application of Ontology In the ITIL Domain},
  year          = {2011},
  publisher     = {Oficyna Wydawnicza Politechniki Wrocławskiej},
  pages         = {99--108},
  doi           = {10.13140/2.1.3259.2169},
  journaltitle  = {Information Systems Architecture and Technology: Service Oriented Networked Systems},
}

@Comment{jabref-meta: databaseType:biblatex;}
