% Encoding: UTF-8

@Mycustomentrytype{SampleAuthor2012,
  author = {SampleAuthor},
  year   = {2012},
  date   = {2012},
  key    = {MyStandardKey},
}

@Comment{jabref-meta: databaseType:biblatex;}

@Comment{jabref-entrytype: Mycustomentrytype: req[author;year/date;key] opt[]}
