% Encoding: UTF-8

@InProceedings{LocationTest,
  author    = {LocationTest},
  location  = {Berlin},
  owner     = {Christoph Schwentker},
  timestamp = {2016.09.04},
}

@Comment{jabref-meta: databaseType:biblatex;}
