@unpublished{,
  author =                      {Hanns-Jörg Stoß},
  month =                       {July},
  note =                        {a Note},
  abstract = {here should stand something about the content},
  address =                     {Stuttgart Bawue Deutschland},
  affiliation =                 {aff},
  booktitle =                   {Turingmaschinen},
  chapter =                     {3},
  contents =                    {con},
  copyright =                   {cop},
  crossref =                    {cross},
  edition =                     {10},
  howpublished =                {how},
  shorttitle =            {Turing},
  isbn = {‎978-3-16-148410-0},
  intype = {intype},
  paper = {paper},
  editor = {Alfred},
  sourceType ={Interview},
  institution =                 {Institution},
  msbib-abbreviatedcasenumber = {abb},
  msbib-accessed =              {12.10.2015},
  msbib-broadcaster =           {broad},
  msbib-day = {5},
  msbib-casenumber =            {case},
  msbib-court =                 {court},
  msbib-distributor =           {dist},
  msbib-medium =                {med},
  msbib-numberofvolume =        {10},
  msbib-patentnumber =          {pat},
  msbib-productioncompany =     {produktion},
  msbib-recordingnumber =       {record},
  msbib-reporter =              {rep},
  msbib-periodical = {peri},
  msbib-station =               {stat},
  msbib-theater =               {th},
  msbib-type =                  {type},
  organization =                {Besondere Turingmaschinen},
  price =                       {10},
  school =                      {Gymnasium Unterrieden},
  series =                      {ser},
  size =                        {1000}
}
