@inbook{raey,
  issn = {0937-6429},
  journal = {Wirtschaftsinformatik},
  language = {english},
  pages = {237--248},
  publisher = {Gabler Verlag},
  title = {Agile Entwicklung Web-basierter Systeme},
  url = {http://dx.doi.org/10.1007/BF03250842},
  doi = {10.1000/182},
  volume = {44},
  year = {2002}
}
