@article{test
    title     = {title-from-embedded-bibtex-file},
    author    = {author-from-embedded-bibtex-file},
    journal   = {journal-from-embedded-bibtex-file},
    year      = {2022},
    keywords  = {keywords-from-embedded-bibtex-file, second-keyword},
}
