
@Article{Blaha,
  author      = {Stephen Blaha},
  title       = {Quantum Computers and Quantum Computer Languages: Quantum Assembly Language and Quantum C Language},
}

@Article{Kaye,
  author       = {Phillip Kaye and Michele Mosca},
  title        = {Quantum Networks for Generating Arbitrary Quantum States},
}

@Article{Watrous,
  author      = {John Watrous},
  title       = {Quantum Computational Complexity},
}
