@InCollection{Gritzalis,
  author    = {Gritzalis, Dimitris and Stergiopoulos, George and Vasilellis, Efstratios and Anagnostopoulou, Argiro},
  title     = {Readiness Exercises: Are Risk Assessment Methodologies Ready for the Cloud?},
}

@InCollection{Rangras,
  author    = {Rangras, Jimit and Bhavsar, Sejal},
  title     = {Design of Framework for Disaster Recovery in Cloud Computing},
}
