@Article{Zielinski,
  author      = {Zieliński, Cezary},
  title       = {Quantum Computers and Quantum Computer Languages: Quantum Assembly Language and Quantum C Language},
}

@Article{Kaye,
  author       = {H. Kröger},
  title        = {Quantum Networks for Generating Arbitrary Quantum States},
}
