% Encoding: UTF-8

@Study{v10,
  name={TestStudyName},
  author={Jab Ref},
  researchQuestions={Question1; Question2},
}

@SearchQuery{query1,
  query={Quantum},
}

@SearchQuery{query2,
  query={Cloud Computing},
}

@SearchQuery{query3,
  query={TestSearchQuery3},
}

@Library{library1,
  name = {Springer},
  enabled = {true},
  comment = {},
}

@Library{library2,
  name = {ArXiv},
  enabled = {true},
  comment = {},
}

@Library{library3,
  name = {IEEEXplore},
  enabled = {false},
  comment = {},
}
