@book{Bloch2001,
  added-at = {Tue Sep 16 09:14:19 2003},
  added-by = {msteiner},
  annote = {Good book on various rules \& conventions (e.g., what not to do and what instead) to use Java effectively},
  author = {Joshua Bloch},
  publisher = {Addison-Wesley},
  series = {The Java Series},
  title = {Effective Java},
  year = {2001}
}
