@Book{,
  Title                    = {On the Simplicity-Efficiency Trade-off in Learning},
  Author                   = {Anne Doe and John Doe},
  ISBN                     = {123456789},
  Year                     = {2020},
  Address                  = {Stockholm},
  Subtitle                 = {As Applied to the "Hello World" Example}
}
