@Misc{,
  Title                    = {Hello},
  Author                   = {John Doe},
  Year                     = {2020},
  Address                  = {Hacky Street},
  Subtitle                 = {World}
}
