@Book{,
  Title                    = {GMP-Berater},
  Publisher                = {Maas und Peither GMP Verl.},
  Year                     = {2014},
  Address                  = {Schopfheim},
  Number                   = {L - N},
  Volume                   = {Bd. I},
  Editor                   = {Anita Maas},
  Pagetotal                = {Losebl.-Ausg.},
  Ppn_GVK                  = {797485368},
  Subtitle                 = {Nachschlagewerk für Pharmaindustrie und Lieferanten. Die praxisorientierte Loseblattsammlung für die Gute Herstellungspraxis (Good Manufacturing Practice)}
}
