@inproceedings{conf/zeus/SimonDDK19,
  author = {Martin K. Simon and Linus W. Dietz and Tobias Diez and Oliver Kopp},
  bibdate = {2019-05-28},
  bibsource = {DBLP, http://dblp.uni-trier.de/db/conf/zeus/zeus2019.html#SimonDDK19},
  booktitle = {Proceedings of the 11th Central European Workshop on Services and their Composition, Bayreuth, Germany, February 14-15, 2019},
  editor = {Stefan Kolb 0001 and Christian Sturm 0002},
  pages = {47--54},
  publisher = {CEUR-WS.org},
  series = {CEUR Workshop Proceedings},
  title = {Analyzing the Importance of JabRef Features from the User Perspective},
  url = {http://ceur-ws.org/Vol-2339},
  volume = {2339},
  year = {2019}
}
