% DBID: 13ceoc8dm42f5g1iitao3dj2ap
% Encoding: UTF-8

@Book{test,
  title     = {title},
}
