@article{,
  abstract = {Protein 4.1 is an 80-kD structural component of the red blood cell (RBC) cytoskeleton. It is critical for the formation of the spectrin/actin/protein 4.1 junctional complex, the integrity of which is important for the horizontal strength and elasticity of RBCs.},
  address = {Reprint available from: Baklouti F INST PASTEUR LYON CNRS URA 1171 AVE TONY GARNIER F-69365 LYON 07 FRANCE YALE UNIV DEPT INTERNAL MED NEW HAVEN,CT USA YALE UNIV DEPT PATHOL NEW HAVEN, CT USA YALE},
  author = {Baklouti, F.; Huang, S. C.; Tang, T. K.; Delaunay, J.; Marchesi, V. T.; Benz, E. J.},
  comment = {Quaternary Title: Clinical medicine.},
  isbn = {0006-4971},
  journal = {Blood},
  keywords = {Membrane skeletal protein-4.1; Insertion deletion mutations; Actin binding domain; Molecular analysis; Hereditary elliptocytosis; Expression; Spectrin; Cells; Rna; Isoforms},
  language = {English},
  number = {9},
  pages = {3934--3941},
  title = {Asynchronous Regulation OF Splicing Events Within Protein 4.1 Pre-mrna During Erythroid Differentiation},
  url = {ftp://www.google.de/},
  volume = {87},
  year = {1996}
}
