@misc{,
  author = {JabRef},
  year = {2025},
  title = {DOC Document from MIcrosoft Office}
}
