@misc{,
  year = {2025},
  title = {DOC Document}
}
