@misc{,
  year = {2025},
  title = {DOCX Document}
}
