@misc{,
  author = {JabRef},
  year = {2025},
  title = {DOCX Document from MIcrosoft Office}
}
