% Encoding: UTF-8

@Article{,
  author  = {Test I. Last},
}
