@article{,
  title = {Ãœ ist ein Umlaut},
}
