% Encoding: UTF-8

@article{,
  title = {Ãœ ist ein Umlaut},
}
