% Encoding: windows-1252

@Article{,
  abstract = {25° C},
}

@Comment{jabref-meta: databaseType:bibtex;}
