@image{,
    title = {JpgImporterTest1},
    author = {Falkenpost},
    year = {2025},
    date = {2020-01-01}
}
