@inproceedings{,
  abstract = {Abstract goes here},
  author = {Firstname Lastname and Firstname Lastname},
  title = {Paper Title}
}