@Misc{,
  title      = {Recent Developments and the New Directions of Research, Foundations, and Applications},
  year       = {2023},
  address    = {Cham},
  edition    = {1st ed. 2023},
  editor     = {Shahbazova, Shahnaz N. and Abbasov, Ali M. and Kreinovich, Vladik and Kacprzyk, Janusz and Batyrshin, Ildar Z.},
  file       = {ParsedFileField{description='', link='https://doi.org/10.1007/978-3-031-23476-7', fileType='PDF'}},
  isbn       = {9783031234767},
  issn       = {1860-0808},
  pagetotal  = {330},
  publisher  = {{Springer}},
  series     = {Studies in Fuzziness and Soft Computing},
  subtitle   = {Selected Papers of the 8th World Conference on Soft Computing, February 03â€“05, 2022, Baku, Azerbaijan, Vol. II},
  titleaddon = {edited by Shahnaz N. Shahbazova, Ali M. Abbasov, Vladik Kreinovich, Janusz Kacprzyk, Ildar Z. Batyrshin},
  volume     = {423},
}

@Comment{jabref-meta: databaseType:bibtex;}
