@Conference{,
  Year                     = {2013},
  Editor                   = {Editor, Some and test data, Some},
  Month                    = {06},
  Abstract                 = {Old Abstract
new abstract},
  Comment                  = {First Comment},
  Journal                  = {Test Journal}
}