% Encoding: UTF-8

@InProceedings{LocationTest,
  author    = {LocationTest},
  location  = {Berlin},
}

@Comment{jabref-meta: databaseType:biblatex;}
