@inproceedings{raey,
  Title                    = {Agile Entwicklung Web-basierter Systeme},
}