@misc{,
  author = {JabRef and ruslan},
  year = {2025},
  title = {ODS Document from Microsoft Office}
}
