@misc{,
  author = {JabRef and ruslan},
  year = {2025},
  title = {ODT Document from MIcrosoft Office}
}
