@misc{,
  author = {JabRef},
  year = {2025},
  title = {ODT Document}
}
