@Misc{,
  Title                    = {Comparing Computer Adaptive and Curriculum-Based Measures of Math in Progress Monitoring},
  Author                   = {Shapiro, Edward S. and Dennis, Minyi Shih and Fu, Qiong},
  Abstract                 = {Lorem ipsum abstract},
  ISSN                     = {1045-3830},
  DOI                      = {10.1037/spq0000116},
  Keywords                 = {computer adaptive test, curriculum-based measurement, mathematics assessment, progress monitoring},
  Language                 = {English}
}
