@Misc{,
  Title                    = {Cloud water interception and element deposition differ largely between Norway spruce stands along an elevation transect in Harz Mountains, Germany},
  Author                   = {Kohler, Lars and Leuschner, Christoph and Hauck, Markus and Hertel, Dietrich},
  Abstract                 = {Lorem ipsum abstract},
  ISSN                     = {1936-0584},
  DOI                      = {10.1002/eco.1563},
  Keywords                 = {alpine treeline, canopy cover, canopy water budget, gross precipitation, Picea abies, throughfall},
  Language                 = {English}
}
