@image{,
    title = {PngImporterTest1},
    year = {2025},
    month = {feb},
    date = {2025-02-21},
}
