@misc{,
  year = {2025},
  title = {PPT Document}
}
