@misc{,
  author = {JabRef},
  year = {2025},
  title = {PPT Document from Microsoft Office}
}
