@misc{,
  year = {2025},
  title = {PPTX Document}
}
