@misc{,
  author = {JabRef},
  year = {2025},
  title = {PPTX Document from Microsoft Office}
}
