% Encoding: UTF-8

@Article{,
  author    = {Kriegeskorte, Nikolaus and Storrs, Katherine R.},
  title     = {Grid Cells for Conceptual Spaces?},
  doi       = {10.1016/j.neuron.2016.10.006},
  issn      = {0896-6273},
  number    = {2},
  pages     = {280--284},
  url       = {https://doi.org/10.1016/j.neuron.2016.10.006},
  volume    = {92},
  abstract  = {location and direction of movement in 2D physical environments via regularly repeating receptive fields.},
  comment   = {doi: 10.1016/j.neuron.2016.10.006},
  journal   = {Neuron},
  month     = oct,
  publisher = {Elsevier},
  year      = {2016},
}
