@Article{,
author    = {Shi, Yu and Beck, Thomas L.},
title     = {Length scales and interfacial potentials in ion hydration},
doi       = {10.1063/1.4814070},
issn      = {0021-9606},
number    = {4},
pages     = {044504},
url       = {https://doi.org/10.1063/1.4814070},
volume    = {139},
comment   = {doi: 10.1063/1.4814070},
journal   = {J. Chem. Phys.},
month     = jul,
publisher = {American Institute of Physics},
year      = {2013},
}
