@book{,
  address = {New York},
  author = {Berkman, R. I.},
  publisher = {HarperPerennial},
  refid = {berkman},
  title = {Find It Fast: How to Uncover Expert Information on Any Subject},
  year = {1994}
}
