@misc(,
    title = {RTF Document},
    year = {2025}
}
