@misc{,
  year = {2025},
  title = {XLS Document}
}
