@misc{,
  author = {JabRef},
  year = {2025},
  title = {XLS Document from Microsoft Office}
}
