@misc{,
  year = {2025},
  title = {XLSX Document}
}
