@misc{,
  author = {JabRef},
  year = {2025},
  title = {XLSX Document from Microsoft Office}
}
