% Encoding: UTF-8

@Unpublished{Mustermann2016,
  author =   {Max Mustermann},
  title =    {Java Unpublished},
  month =    {February},
  year =     {2016},
  keywords = {java}
}
