% Encoding: UTF-8

@InProceedings{Mustermann2016,
  author =       {Max Mustermann},
  title =        {Java InProceedings},
  booktitle =    {Java Book},
  year =         {2016},
  month =        feb,
  organization = {Java Org},
  publisher =    {Java Publisher},
  keywords =     {java}
}
