% Encoding: UTF-8

@Misc{,
  author = {Burri, Emanuel and Beglinger, Christoph and von Felten, Stefanie and Lehmann, Frank Serge}
}
