% Encoding: UTF-8

@book{,
  editor = {Bhattacharyya, R. and McCormick, M. E.},
  file = {/home/mfg/acad/ext/arts/waves/water/[R._Bhattacharyya_and_M.E._McCormick_(Eds.)]_Wave_(z-lib.org).pdf},
  isbn = {9780080442129},
  keywords = {waves, agua},
  publisher = {Elsevier Science},
  title = {Wave Energy Conversion},
  year = {2013},
}

@Comment{jabref-meta: databaseType:bibtex;}
