% Encoding: UTF-8

@InBook{test,
  pages =    {1234},
  author =   {Mustermann},
  keywords = {keyword}
}

@Comment{jabref-meta: databaseType:bibtex;}
