% Encoding: UTF-8

@Article{,
  author           = {Don't, know and Realy, don't know},
  title            = {title},
  journal          = {Some journal},
  year             = {2000},
  volume           = {5},
  pages            = {67-68},
  note             = {a note, and another note},
  abstract         = {abstract},
  address          = {India},
  affiliation      = {an affiliation},
  creationdate     = {2000-11-11},
  created          = {2000-11-10},
  date             = {2000},
  doi              = {someDoi},
  edition          = {2},
  issuance         = {monographic},
  issue            = {10},
  keywords         = {keyword, electrophoresis, neoplasia, spectrometry, translation},
  language         = {en},
  location         = {somewhere},
  modificationdate = {2000-12-10},
  pmid             = {123456789},
  publisher        = {Verlag verlag},
  uri              = {an uri},
  url              = {someWebSite},
}

@Comment{jabref-meta: databaseType:bibtex;}
