% Encoding: UTF-8
@String{grl = "Geophys. Res. Lett."}

@article{claudepierre:20a,
    author = {Claudepierre, S. G.},
    journal = grl
}
