% Encoding: UTF-8

@Article{Orlowski;2011,
  author    = {Adam Czarnecki; Cezary Orłowski;},
  title     = {Application of Ontology In the ITIL Domain},
  year      = {2011},
  pages     = {99--108},
  doi       = {10.13140/2.1.3259.2169},
  pubstate  = {submitted},
  journal   = {Information Systems Architecture and Technology: Service Oriented Networked Systems},
  publisher = {Oficyna Wydawnicza Politechniki Wrocławskiej},
}

@Comment{jabref-meta: databaseType:biblatex;}
