% Encoding: UTF-8

@article{example1,
    title = {Sample Article Title},
    author = {Steve, Smith},
    journal = {Journal of Examples},
    year = {2023},
    msBibType = {Art}
}

@misc{example2,
    title = {Miscellaneous Entry Title},
    author = {Doe, Jane},
    year = {2022},
    msBibType = {Misc}
}
