% Encoding: UTF-8

@InProceedings{MultiAddressTest,
  author    = {MultiAddressTest},
  location  = {Berlin},
  address   = {Stroudsburg, PA, USA},
  owner     = {Christoph Schwentker},
  timestamp = {2016.09.04},
}

@Comment{jabref-meta: databaseType:biblatex;}
