% Encoding: UTF-8
@Article{,
  language = {english}
}

@Comment{jabref-meta: databaseType:bibtex;}
