% Encoding: UTF-8
@unpublished{,
  title  = {Uml{\"a}uts are f\"unny}
}

@Comment{jabref-meta: databaseType:bibtex;}
