% Encoding: UTF-8

@TechReport{,
  author    = {Sam and jason},
  date      = {2002-07-03},
}

@Comment{jabref-meta: databaseType:bibtex;}
