% Encoding: UTF-8

@Article{Testa,
  author         = {Sam and jason},
  title          = {Test},
  journaltitle   = {Test},
  year           = {2012},
  date           = {2016},
  msbib-accessed = {2015-12-12},
}

@Comment{jabref-meta: databaseType:biblatex;}
